%YAML 1.1
%TAG !u! tag:unity3d.com,2011:
--- !u!1 &6128767763770355497
GameObject:
  m_ObjectHideFlags: 0
  m_CorrespondingSourceObject: {fileID: 0}
  m_PrefabInstance: {fileID: 0}
  m_PrefabAsset: {fileID: 0}
  serializedVersion: 6
  m_Component:
  - component: {fileID: 6128767763770355510}
  m_Layer: 0
  m_Name: BoxObjectParent
  m_TagString: Untagged
  m_Icon: {fileID: 0}
  m_NavMeshLayer: 0
  m_StaticEditorFlags: 0
  m_IsActive: 1
--- !u!4 &6128767763770355510
Transform:
  m_ObjectHideFlags: 0
  m_CorrespondingSourceObject: {fileID: 0}
  m_PrefabInstance: {fileID: 0}
  m_PrefabAsset: {fileID: 0}
  m_GameObject: {fileID: 6128767763770355497}
  m_LocalRotation: {x: 0, y: 0, z: 0, w: 1}
  m_LocalPosition: {x: -4.0503964, y: -0.7871094, z: 6.693925}
  m_LocalScale: {x: 1, y: 1, z: 1}
  m_Children:
  - {fileID: 6128767764576352529}
  - {fileID: 2863453137639940925}
  - {fileID: 2863453137963861127}
  - {fileID: 2863453138450616496}
  - {fileID: 2863453138000877608}
  - {fileID: 2863453138333554622}
  - {fileID: 2863453139095517821}
  - {fileID: 2863453137626414680}
  - {fileID: 2863453139191990962}
  - {fileID: 2863453139011007287}
  m_Father: {fileID: 0}
  m_RootOrder: 0
  m_LocalEulerAnglesHint: {x: 0, y: 0, z: 0}
--- !u!1001 &2863453138524014629
PrefabInstance:
  m_ObjectHideFlags: 0
  serializedVersion: 2
  m_Modification:
    m_TransformParent: {fileID: 6128767763770355510}
    m_Modifications:
    - target: {fileID: 8264323819444089137, guid: 2c8fe2cdae0c97c42a7d8e1d41cfef84,
        type: 3}
      propertyPath: m_Name
      value: Cube
      objectReference: {fileID: 0}
    - target: {fileID: 8264323819444089140, guid: 2c8fe2cdae0c97c42a7d8e1d41cfef84,
        type: 3}
      propertyPath: m_LocalPosition.x
      value: 5.0503964
      objectReference: {fileID: 0}
    - target: {fileID: 8264323819444089140, guid: 2c8fe2cdae0c97c42a7d8e1d41cfef84,
        type: 3}
      propertyPath: m_LocalPosition.y
      value: 2.2871094
      objectReference: {fileID: 0}
    - target: {fileID: 8264323819444089140, guid: 2c8fe2cdae0c97c42a7d8e1d41cfef84,
        type: 3}
      propertyPath: m_LocalPosition.z
      value: -7.693925
      objectReference: {fileID: 0}
    - target: {fileID: 8264323819444089140, guid: 2c8fe2cdae0c97c42a7d8e1d41cfef84,
        type: 3}
      propertyPath: m_LocalRotation.x
      value: -0
      objectReference: {fileID: 0}
    - target: {fileID: 8264323819444089140, guid: 2c8fe2cdae0c97c42a7d8e1d41cfef84,
        type: 3}
      propertyPath: m_LocalRotation.y
      value: -0
      objectReference: {fileID: 0}
    - target: {fileID: 8264323819444089140, guid: 2c8fe2cdae0c97c42a7d8e1d41cfef84,
        type: 3}
      propertyPath: m_LocalRotation.z
      value: -0
      objectReference: {fileID: 0}
    - target: {fileID: 8264323819444089140, guid: 2c8fe2cdae0c97c42a7d8e1d41cfef84,
        type: 3}
      propertyPath: m_LocalRotation.w
      value: 1
      objectReference: {fileID: 0}
    - target: {fileID: 8264323819444089140, guid: 2c8fe2cdae0c97c42a7d8e1d41cfef84,
        type: 3}
      propertyPath: m_RootOrder
      value: 0
      objectReference: {fileID: 0}
    - target: {fileID: 8264323819444089140, guid: 2c8fe2cdae0c97c42a7d8e1d41cfef84,
        type: 3}
      propertyPath: m_LocalEulerAnglesHint.x
      value: 0
      objectReference: {fileID: 0}
    - target: {fileID: 8264323819444089140, guid: 2c8fe2cdae0c97c42a7d8e1d41cfef84,
        type: 3}
      propertyPath: m_LocalEulerAnglesHint.y
      value: 0
      objectReference: {fileID: 0}
    - target: {fileID: 8264323819444089140, guid: 2c8fe2cdae0c97c42a7d8e1d41cfef84,
        type: 3}
      propertyPath: m_LocalEulerAnglesHint.z
      value: 0
      objectReference: {fileID: 0}
    m_RemovedComponents: []
  m_SourcePrefab: {fileID: 100100000, guid: 2c8fe2cdae0c97c42a7d8e1d41cfef84, type: 3}
--- !u!4 &6128767764576352529 stripped
Transform:
  m_CorrespondingSourceObject: {fileID: 8264323819444089140, guid: 2c8fe2cdae0c97c42a7d8e1d41cfef84,
    type: 3}
  m_PrefabInstance: {fileID: 2863453138524014629}
  m_PrefabAsset: {fileID: 0}
--- !u!1001 &6128767762979793180
PrefabInstance:
  m_ObjectHideFlags: 0
  serializedVersion: 2
  m_Modification:
    m_TransformParent: {fileID: 6128767763770355510}
    m_Modifications:
    - target: {fileID: 8264323819444089137, guid: 2c8fe2cdae0c97c42a7d8e1d41cfef84,
        type: 3}
      propertyPath: m_Name
      value: Cube (6)
      objectReference: {fileID: 0}
    - target: {fileID: 8264323819444089140, guid: 2c8fe2cdae0c97c42a7d8e1d41cfef84,
        type: 3}
      propertyPath: m_LocalPosition.x
      value: 6.0503964
      objectReference: {fileID: 0}
    - target: {fileID: 8264323819444089140, guid: 2c8fe2cdae0c97c42a7d8e1d41cfef84,
        type: 3}
      propertyPath: m_LocalPosition.y
      value: 1.2871094
      objectReference: {fileID: 0}
    - target: {fileID: 8264323819444089140, guid: 2c8fe2cdae0c97c42a7d8e1d41cfef84,
        type: 3}
      propertyPath: m_LocalPosition.z
      value: -8.693925
      objectReference: {fileID: 0}
    - target: {fileID: 8264323819444089140, guid: 2c8fe2cdae0c97c42a7d8e1d41cfef84,
        type: 3}
      propertyPath: m_LocalRotation.x
      value: -0
      objectReference: {fileID: 0}
    - target: {fileID: 8264323819444089140, guid: 2c8fe2cdae0c97c42a7d8e1d41cfef84,
        type: 3}
      propertyPath: m_LocalRotation.y
      value: -0
      objectReference: {fileID: 0}
    - target: {fileID: 8264323819444089140, guid: 2c8fe2cdae0c97c42a7d8e1d41cfef84,
        type: 3}
      propertyPath: m_LocalRotation.z
      value: -0
      objectReference: {fileID: 0}
    - target: {fileID: 8264323819444089140, guid: 2c8fe2cdae0c97c42a7d8e1d41cfef84,
        type: 3}
      propertyPath: m_LocalRotation.w
      value: 1
      objectReference: {fileID: 0}
    - target: {fileID: 8264323819444089140, guid: 2c8fe2cdae0c97c42a7d8e1d41cfef84,
        type: 3}
      propertyPath: m_RootOrder
      value: 4
      objectReference: {fileID: 0}
    - target: {fileID: 8264323819444089140, guid: 2c8fe2cdae0c97c42a7d8e1d41cfef84,
        type: 3}
      propertyPath: m_LocalEulerAnglesHint.x
      value: 0
      objectReference: {fileID: 0}
    - target: {fileID: 8264323819444089140, guid: 2c8fe2cdae0c97c42a7d8e1d41cfef84,
        type: 3}
      propertyPath: m_LocalEulerAnglesHint.y
      value: 0
      objectReference: {fileID: 0}
    - target: {fileID: 8264323819444089140, guid: 2c8fe2cdae0c97c42a7d8e1d41cfef84,
        type: 3}
      propertyPath: m_LocalEulerAnglesHint.z
      value: 0
      objectReference: {fileID: 0}
    m_RemovedComponents: []
  m_SourcePrefab: {fileID: 100100000, guid: 2c8fe2cdae0c97c42a7d8e1d41cfef84, type: 3}
--- !u!4 &2863453138000877608 stripped
Transform:
  m_CorrespondingSourceObject: {fileID: 8264323819444089140, guid: 2c8fe2cdae0c97c42a7d8e1d41cfef84,
    type: 3}
  m_PrefabInstance: {fileID: 6128767762979793180}
  m_PrefabAsset: {fileID: 0}
--- !u!1001 &6128767763018413491
PrefabInstance:
  m_ObjectHideFlags: 0
  serializedVersion: 2
  m_Modification:
    m_TransformParent: {fileID: 6128767763770355510}
    m_Modifications:
    - target: {fileID: 8264323819444089137, guid: 2c8fe2cdae0c97c42a7d8e1d41cfef84,
        type: 3}
      propertyPath: m_Name
      value: Cube (8)
      objectReference: {fileID: 0}
    - target: {fileID: 8264323819444089140, guid: 2c8fe2cdae0c97c42a7d8e1d41cfef84,
        type: 3}
      propertyPath: m_LocalPosition.x
      value: 6.0503964
      objectReference: {fileID: 0}
    - target: {fileID: 8264323819444089140, guid: 2c8fe2cdae0c97c42a7d8e1d41cfef84,
        type: 3}
      propertyPath: m_LocalPosition.y
      value: 1.2871094
      objectReference: {fileID: 0}
    - target: {fileID: 8264323819444089140, guid: 2c8fe2cdae0c97c42a7d8e1d41cfef84,
        type: 3}
      propertyPath: m_LocalPosition.z
      value: -6.693925
      objectReference: {fileID: 0}
    - target: {fileID: 8264323819444089140, guid: 2c8fe2cdae0c97c42a7d8e1d41cfef84,
        type: 3}
      propertyPath: m_LocalRotation.x
      value: -0
      objectReference: {fileID: 0}
    - target: {fileID: 8264323819444089140, guid: 2c8fe2cdae0c97c42a7d8e1d41cfef84,
        type: 3}
      propertyPath: m_LocalRotation.y
      value: -0
      objectReference: {fileID: 0}
    - target: {fileID: 8264323819444089140, guid: 2c8fe2cdae0c97c42a7d8e1d41cfef84,
        type: 3}
      propertyPath: m_LocalRotation.z
      value: -0
      objectReference: {fileID: 0}
    - target: {fileID: 8264323819444089140, guid: 2c8fe2cdae0c97c42a7d8e1d41cfef84,
        type: 3}
      propertyPath: m_LocalRotation.w
      value: 1
      objectReference: {fileID: 0}
    - target: {fileID: 8264323819444089140, guid: 2c8fe2cdae0c97c42a7d8e1d41cfef84,
        type: 3}
      propertyPath: m_RootOrder
      value: 2
      objectReference: {fileID: 0}
    - target: {fileID: 8264323819444089140, guid: 2c8fe2cdae0c97c42a7d8e1d41cfef84,
        type: 3}
      propertyPath: m_LocalEulerAnglesHint.x
      value: 0
      objectReference: {fileID: 0}
    - target: {fileID: 8264323819444089140, guid: 2c8fe2cdae0c97c42a7d8e1d41cfef84,
        type: 3}
      propertyPath: m_LocalEulerAnglesHint.y
      value: 0
      objectReference: {fileID: 0}
    - target: {fileID: 8264323819444089140, guid: 2c8fe2cdae0c97c42a7d8e1d41cfef84,
        type: 3}
      propertyPath: m_LocalEulerAnglesHint.z
      value: 0
      objectReference: {fileID: 0}
    m_RemovedComponents: []
  m_SourcePrefab: {fileID: 100100000, guid: 2c8fe2cdae0c97c42a7d8e1d41cfef84, type: 3}
--- !u!4 &2863453137963861127 stripped
Transform:
  m_CorrespondingSourceObject: {fileID: 8264323819444089140, guid: 2c8fe2cdae0c97c42a7d8e1d41cfef84,
    type: 3}
  m_PrefabInstance: {fileID: 6128767763018413491}
  m_PrefabAsset: {fileID: 0}
--- !u!1001 &6128767763306648073
PrefabInstance:
  m_ObjectHideFlags: 0
  serializedVersion: 2
  m_Modification:
    m_TransformParent: {fileID: 6128767763770355510}
    m_Modifications:
    - target: {fileID: 8264323819444089137, guid: 2c8fe2cdae0c97c42a7d8e1d41cfef84,
        type: 3}
      propertyPath: m_Name
      value: Cube (9)
      objectReference: {fileID: 0}
    - target: {fileID: 8264323819444089140, guid: 2c8fe2cdae0c97c42a7d8e1d41cfef84,
        type: 3}
      propertyPath: m_LocalPosition.x
      value: 5.0503964
      objectReference: {fileID: 0}
    - target: {fileID: 8264323819444089140, guid: 2c8fe2cdae0c97c42a7d8e1d41cfef84,
        type: 3}
      propertyPath: m_LocalPosition.y
      value: 1.2871094
      objectReference: {fileID: 0}
    - target: {fileID: 8264323819444089140, guid: 2c8fe2cdae0c97c42a7d8e1d41cfef84,
        type: 3}
      propertyPath: m_LocalPosition.z
      value: -6.693925
      objectReference: {fileID: 0}
    - target: {fileID: 8264323819444089140, guid: 2c8fe2cdae0c97c42a7d8e1d41cfef84,
        type: 3}
      propertyPath: m_LocalRotation.x
      value: -0
      objectReference: {fileID: 0}
    - target: {fileID: 8264323819444089140, guid: 2c8fe2cdae0c97c42a7d8e1d41cfef84,
        type: 3}
      propertyPath: m_LocalRotation.y
      value: -0
      objectReference: {fileID: 0}
    - target: {fileID: 8264323819444089140, guid: 2c8fe2cdae0c97c42a7d8e1d41cfef84,
        type: 3}
      propertyPath: m_LocalRotation.z
      value: -0
      objectReference: {fileID: 0}
    - target: {fileID: 8264323819444089140, guid: 2c8fe2cdae0c97c42a7d8e1d41cfef84,
        type: 3}
      propertyPath: m_LocalRotation.w
      value: 1
      objectReference: {fileID: 0}
    - target: {fileID: 8264323819444089140, guid: 2c8fe2cdae0c97c42a7d8e1d41cfef84,
        type: 3}
      propertyPath: m_RootOrder
      value: 1
      objectReference: {fileID: 0}
    - target: {fileID: 8264323819444089140, guid: 2c8fe2cdae0c97c42a7d8e1d41cfef84,
        type: 3}
      propertyPath: m_LocalEulerAnglesHint.x
      value: 0
      objectReference: {fileID: 0}
    - target: {fileID: 8264323819444089140, guid: 2c8fe2cdae0c97c42a7d8e1d41cfef84,
        type: 3}
      propertyPath: m_LocalEulerAnglesHint.y
      value: 0
      objectReference: {fileID: 0}
    - target: {fileID: 8264323819444089140, guid: 2c8fe2cdae0c97c42a7d8e1d41cfef84,
        type: 3}
      propertyPath: m_LocalEulerAnglesHint.z
      value: 0
      objectReference: {fileID: 0}
    m_RemovedComponents: []
  m_SourcePrefab: {fileID: 100100000, guid: 2c8fe2cdae0c97c42a7d8e1d41cfef84, type: 3}
--- !u!4 &2863453137639940925 stripped
Transform:
  m_CorrespondingSourceObject: {fileID: 8264323819444089140, guid: 2c8fe2cdae0c97c42a7d8e1d41cfef84,
    type: 3}
  m_PrefabInstance: {fileID: 6128767763306648073}
  m_PrefabAsset: {fileID: 0}
--- !u!1001 &6128767763360026476
PrefabInstance:
  m_ObjectHideFlags: 0
  serializedVersion: 2
  m_Modification:
    m_TransformParent: {fileID: 6128767763770355510}
    m_Modifications:
    - target: {fileID: 8264323819444089137, guid: 2c8fe2cdae0c97c42a7d8e1d41cfef84,
        type: 3}
      propertyPath: m_Name
      value: Cube (3)
      objectReference: {fileID: 0}
    - target: {fileID: 8264323819444089140, guid: 2c8fe2cdae0c97c42a7d8e1d41cfef84,
        type: 3}
      propertyPath: m_LocalPosition.x
      value: 4.0503964
      objectReference: {fileID: 0}
    - target: {fileID: 8264323819444089140, guid: 2c8fe2cdae0c97c42a7d8e1d41cfef84,
        type: 3}
      propertyPath: m_LocalPosition.y
      value: 1.2871094
      objectReference: {fileID: 0}
    - target: {fileID: 8264323819444089140, guid: 2c8fe2cdae0c97c42a7d8e1d41cfef84,
        type: 3}
      propertyPath: m_LocalPosition.z
      value: -7.693925
      objectReference: {fileID: 0}
    - target: {fileID: 8264323819444089140, guid: 2c8fe2cdae0c97c42a7d8e1d41cfef84,
        type: 3}
      propertyPath: m_LocalRotation.x
      value: -0
      objectReference: {fileID: 0}
    - target: {fileID: 8264323819444089140, guid: 2c8fe2cdae0c97c42a7d8e1d41cfef84,
        type: 3}
      propertyPath: m_LocalRotation.y
      value: -0
      objectReference: {fileID: 0}
    - target: {fileID: 8264323819444089140, guid: 2c8fe2cdae0c97c42a7d8e1d41cfef84,
        type: 3}
      propertyPath: m_LocalRotation.z
      value: -0
      objectReference: {fileID: 0}
    - target: {fileID: 8264323819444089140, guid: 2c8fe2cdae0c97c42a7d8e1d41cfef84,
        type: 3}
      propertyPath: m_LocalRotation.w
      value: 1
      objectReference: {fileID: 0}
    - target: {fileID: 8264323819444089140, guid: 2c8fe2cdae0c97c42a7d8e1d41cfef84,
        type: 3}
      propertyPath: m_RootOrder
      value: 7
      objectReference: {fileID: 0}
    - target: {fileID: 8264323819444089140, guid: 2c8fe2cdae0c97c42a7d8e1d41cfef84,
        type: 3}
      propertyPath: m_LocalEulerAnglesHint.x
      value: 0
      objectReference: {fileID: 0}
    - target: {fileID: 8264323819444089140, guid: 2c8fe2cdae0c97c42a7d8e1d41cfef84,
        type: 3}
      propertyPath: m_LocalEulerAnglesHint.y
      value: 0
      objectReference: {fileID: 0}
    - target: {fileID: 8264323819444089140, guid: 2c8fe2cdae0c97c42a7d8e1d41cfef84,
        type: 3}
      propertyPath: m_LocalEulerAnglesHint.z
      value: 0
      objectReference: {fileID: 0}
    m_RemovedComponents: []
  m_SourcePrefab: {fileID: 100100000, guid: 2c8fe2cdae0c97c42a7d8e1d41cfef84, type: 3}
--- !u!4 &2863453137626414680 stripped
Transform:
  m_CorrespondingSourceObject: {fileID: 8264323819444089140, guid: 2c8fe2cdae0c97c42a7d8e1d41cfef84,
    type: 3}
  m_PrefabInstance: {fileID: 6128767763360026476}
  m_PrefabAsset: {fileID: 0}
--- !u!1001 &6128767763902610310
PrefabInstance:
  m_ObjectHideFlags: 0
  serializedVersion: 2
  m_Modification:
    m_TransformParent: {fileID: 6128767763770355510}
    m_Modifications:
    - target: {fileID: 8264323819444089137, guid: 2c8fe2cdae0c97c42a7d8e1d41cfef84,
        type: 3}
      propertyPath: m_Name
      value: Cube (2)
      objectReference: {fileID: 0}
    - target: {fileID: 8264323819444089140, guid: 2c8fe2cdae0c97c42a7d8e1d41cfef84,
        type: 3}
      propertyPath: m_LocalPosition.x
      value: 5.0503964
      objectReference: {fileID: 0}
    - target: {fileID: 8264323819444089140, guid: 2c8fe2cdae0c97c42a7d8e1d41cfef84,
        type: 3}
      propertyPath: m_LocalPosition.y
      value: 1.2871094
      objectReference: {fileID: 0}
    - target: {fileID: 8264323819444089140, guid: 2c8fe2cdae0c97c42a7d8e1d41cfef84,
        type: 3}
      propertyPath: m_LocalPosition.z
      value: -7.693925
      objectReference: {fileID: 0}
    - target: {fileID: 8264323819444089140, guid: 2c8fe2cdae0c97c42a7d8e1d41cfef84,
        type: 3}
      propertyPath: m_LocalRotation.x
      value: -0
      objectReference: {fileID: 0}
    - target: {fileID: 8264323819444089140, guid: 2c8fe2cdae0c97c42a7d8e1d41cfef84,
        type: 3}
      propertyPath: m_LocalRotation.y
      value: -0
      objectReference: {fileID: 0}
    - target: {fileID: 8264323819444089140, guid: 2c8fe2cdae0c97c42a7d8e1d41cfef84,
        type: 3}
      propertyPath: m_LocalRotation.z
      value: -0
      objectReference: {fileID: 0}
    - target: {fileID: 8264323819444089140, guid: 2c8fe2cdae0c97c42a7d8e1d41cfef84,
        type: 3}
      propertyPath: m_LocalRotation.w
      value: 1
      objectReference: {fileID: 0}
    - target: {fileID: 8264323819444089140, guid: 2c8fe2cdae0c97c42a7d8e1d41cfef84,
        type: 3}
      propertyPath: m_RootOrder
      value: 8
      objectReference: {fileID: 0}
    - target: {fileID: 8264323819444089140, guid: 2c8fe2cdae0c97c42a7d8e1d41cfef84,
        type: 3}
      propertyPath: m_LocalEulerAnglesHint.x
      value: 0
      objectReference: {fileID: 0}
    - target: {fileID: 8264323819444089140, guid: 2c8fe2cdae0c97c42a7d8e1d41cfef84,
        type: 3}
      propertyPath: m_LocalEulerAnglesHint.y
      value: 0
      objectReference: {fileID: 0}
    - target: {fileID: 8264323819444089140, guid: 2c8fe2cdae0c97c42a7d8e1d41cfef84,
        type: 3}
      propertyPath: m_LocalEulerAnglesHint.z
      value: 0
      objectReference: {fileID: 0}
    m_RemovedComponents: []
  m_SourcePrefab: {fileID: 100100000, guid: 2c8fe2cdae0c97c42a7d8e1d41cfef84, type: 3}
--- !u!4 &2863453139191990962 stripped
Transform:
  m_CorrespondingSourceObject: {fileID: 8264323819444089140, guid: 2c8fe2cdae0c97c42a7d8e1d41cfef84,
    type: 3}
  m_PrefabInstance: {fileID: 6128767763902610310}
  m_PrefabAsset: {fileID: 0}
--- !u!1001 &6128767763998591817
PrefabInstance:
  m_ObjectHideFlags: 0
  serializedVersion: 2
  m_Modification:
    m_TransformParent: {fileID: 6128767763770355510}
    m_Modifications:
    - target: {fileID: 8264323819444089137, guid: 2c8fe2cdae0c97c42a7d8e1d41cfef84,
        type: 3}
      propertyPath: m_Name
      value: Cube (4)
      objectReference: {fileID: 0}
    - target: {fileID: 8264323819444089140, guid: 2c8fe2cdae0c97c42a7d8e1d41cfef84,
        type: 3}
      propertyPath: m_LocalPosition.x
      value: 4.0503964
      objectReference: {fileID: 0}
    - target: {fileID: 8264323819444089140, guid: 2c8fe2cdae0c97c42a7d8e1d41cfef84,
        type: 3}
      propertyPath: m_LocalPosition.y
      value: 1.2871094
      objectReference: {fileID: 0}
    - target: {fileID: 8264323819444089140, guid: 2c8fe2cdae0c97c42a7d8e1d41cfef84,
        type: 3}
      propertyPath: m_LocalPosition.z
      value: -8.693925
      objectReference: {fileID: 0}
    - target: {fileID: 8264323819444089140, guid: 2c8fe2cdae0c97c42a7d8e1d41cfef84,
        type: 3}
      propertyPath: m_LocalRotation.x
      value: -0
      objectReference: {fileID: 0}
    - target: {fileID: 8264323819444089140, guid: 2c8fe2cdae0c97c42a7d8e1d41cfef84,
        type: 3}
      propertyPath: m_LocalRotation.y
      value: -0
      objectReference: {fileID: 0}
    - target: {fileID: 8264323819444089140, guid: 2c8fe2cdae0c97c42a7d8e1d41cfef84,
        type: 3}
      propertyPath: m_LocalRotation.z
      value: -0
      objectReference: {fileID: 0}
    - target: {fileID: 8264323819444089140, guid: 2c8fe2cdae0c97c42a7d8e1d41cfef84,
        type: 3}
      propertyPath: m_LocalRotation.w
      value: 1
      objectReference: {fileID: 0}
    - target: {fileID: 8264323819444089140, guid: 2c8fe2cdae0c97c42a7d8e1d41cfef84,
        type: 3}
      propertyPath: m_RootOrder
      value: 6
      objectReference: {fileID: 0}
    - target: {fileID: 8264323819444089140, guid: 2c8fe2cdae0c97c42a7d8e1d41cfef84,
        type: 3}
      propertyPath: m_LocalEulerAnglesHint.x
      value: 0
      objectReference: {fileID: 0}
    - target: {fileID: 8264323819444089140, guid: 2c8fe2cdae0c97c42a7d8e1d41cfef84,
        type: 3}
      propertyPath: m_LocalEulerAnglesHint.y
      value: 0
      objectReference: {fileID: 0}
    - target: {fileID: 8264323819444089140, guid: 2c8fe2cdae0c97c42a7d8e1d41cfef84,
        type: 3}
      propertyPath: m_LocalEulerAnglesHint.z
      value: 0
      objectReference: {fileID: 0}
    m_RemovedComponents: []
  m_SourcePrefab: {fileID: 100100000, guid: 2c8fe2cdae0c97c42a7d8e1d41cfef84, type: 3}
--- !u!4 &2863453139095517821 stripped
Transform:
  m_CorrespondingSourceObject: {fileID: 8264323819444089140, guid: 2c8fe2cdae0c97c42a7d8e1d41cfef84,
    type: 3}
  m_PrefabInstance: {fileID: 6128767763998591817}
  m_PrefabAsset: {fileID: 0}
--- !u!1001 &6128767764123992579
PrefabInstance:
  m_ObjectHideFlags: 0
  serializedVersion: 2
  m_Modification:
    m_TransformParent: {fileID: 6128767763770355510}
    m_Modifications:
    - target: {fileID: 8264323819444089137, guid: 2c8fe2cdae0c97c42a7d8e1d41cfef84,
        type: 3}
      propertyPath: m_Name
      value: Cube (1)
      objectReference: {fileID: 0}
    - target: {fileID: 8264323819444089140, guid: 2c8fe2cdae0c97c42a7d8e1d41cfef84,
        type: 3}
      propertyPath: m_LocalPosition.x
      value: 4.0503964
      objectReference: {fileID: 0}
    - target: {fileID: 8264323819444089140, guid: 2c8fe2cdae0c97c42a7d8e1d41cfef84,
        type: 3}
      propertyPath: m_LocalPosition.y
      value: 1.2871094
      objectReference: {fileID: 0}
    - target: {fileID: 8264323819444089140, guid: 2c8fe2cdae0c97c42a7d8e1d41cfef84,
        type: 3}
      propertyPath: m_LocalPosition.z
      value: -6.693925
      objectReference: {fileID: 0}
    - target: {fileID: 8264323819444089140, guid: 2c8fe2cdae0c97c42a7d8e1d41cfef84,
        type: 3}
      propertyPath: m_LocalRotation.x
      value: -0
      objectReference: {fileID: 0}
    - target: {fileID: 8264323819444089140, guid: 2c8fe2cdae0c97c42a7d8e1d41cfef84,
        type: 3}
      propertyPath: m_LocalRotation.y
      value: -0
      objectReference: {fileID: 0}
    - target: {fileID: 8264323819444089140, guid: 2c8fe2cdae0c97c42a7d8e1d41cfef84,
        type: 3}
      propertyPath: m_LocalRotation.z
      value: -0
      objectReference: {fileID: 0}
    - target: {fileID: 8264323819444089140, guid: 2c8fe2cdae0c97c42a7d8e1d41cfef84,
        type: 3}
      propertyPath: m_LocalRotation.w
      value: 1
      objectReference: {fileID: 0}
    - target: {fileID: 8264323819444089140, guid: 2c8fe2cdae0c97c42a7d8e1d41cfef84,
        type: 3}
      propertyPath: m_RootOrder
      value: 9
      objectReference: {fileID: 0}
    - target: {fileID: 8264323819444089140, guid: 2c8fe2cdae0c97c42a7d8e1d41cfef84,
        type: 3}
      propertyPath: m_LocalEulerAnglesHint.x
      value: 0
      objectReference: {fileID: 0}
    - target: {fileID: 8264323819444089140, guid: 2c8fe2cdae0c97c42a7d8e1d41cfef84,
        type: 3}
      propertyPath: m_LocalEulerAnglesHint.y
      value: 0
      objectReference: {fileID: 0}
    - target: {fileID: 8264323819444089140, guid: 2c8fe2cdae0c97c42a7d8e1d41cfef84,
        type: 3}
      propertyPath: m_LocalEulerAnglesHint.z
      value: 0
      objectReference: {fileID: 0}
    m_RemovedComponents: []
  m_SourcePrefab: {fileID: 100100000, guid: 2c8fe2cdae0c97c42a7d8e1d41cfef84, type: 3}
--- !u!4 &2863453139011007287 stripped
Transform:
  m_CorrespondingSourceObject: {fileID: 8264323819444089140, guid: 2c8fe2cdae0c97c42a7d8e1d41cfef84,
    type: 3}
  m_PrefabInstance: {fileID: 6128767764123992579}
  m_PrefabAsset: {fileID: 0}
--- !u!1001 &6128767764645552516
PrefabInstance:
  m_ObjectHideFlags: 0
  serializedVersion: 2
  m_Modification:
    m_TransformParent: {fileID: 6128767763770355510}
    m_Modifications:
    - target: {fileID: 8264323819444089137, guid: 2c8fe2cdae0c97c42a7d8e1d41cfef84,
        type: 3}
      propertyPath: m_Name
      value: Cube (7)
      objectReference: {fileID: 0}
    - target: {fileID: 8264323819444089140, guid: 2c8fe2cdae0c97c42a7d8e1d41cfef84,
        type: 3}
      propertyPath: m_LocalPosition.x
      value: 6.0503964
      objectReference: {fileID: 0}
    - target: {fileID: 8264323819444089140, guid: 2c8fe2cdae0c97c42a7d8e1d41cfef84,
        type: 3}
      propertyPath: m_LocalPosition.y
      value: 1.2871094
      objectReference: {fileID: 0}
    - target: {fileID: 8264323819444089140, guid: 2c8fe2cdae0c97c42a7d8e1d41cfef84,
        type: 3}
      propertyPath: m_LocalPosition.z
      value: -7.693925
      objectReference: {fileID: 0}
    - target: {fileID: 8264323819444089140, guid: 2c8fe2cdae0c97c42a7d8e1d41cfef84,
        type: 3}
      propertyPath: m_LocalRotation.x
      value: -0
      objectReference: {fileID: 0}
    - target: {fileID: 8264323819444089140, guid: 2c8fe2cdae0c97c42a7d8e1d41cfef84,
        type: 3}
      propertyPath: m_LocalRotation.y
      value: -0
      objectReference: {fileID: 0}
    - target: {fileID: 8264323819444089140, guid: 2c8fe2cdae0c97c42a7d8e1d41cfef84,
        type: 3}
      propertyPath: m_LocalRotation.z
      value: -0
      objectReference: {fileID: 0}
    - target: {fileID: 8264323819444089140, guid: 2c8fe2cdae0c97c42a7d8e1d41cfef84,
        type: 3}
      propertyPath: m_LocalRotation.w
      value: 1
      objectReference: {fileID: 0}
    - target: {fileID: 8264323819444089140, guid: 2c8fe2cdae0c97c42a7d8e1d41cfef84,
        type: 3}
      propertyPath: m_RootOrder
      value: 3
      objectReference: {fileID: 0}
    - target: {fileID: 8264323819444089140, guid: 2c8fe2cdae0c97c42a7d8e1d41cfef84,
        type: 3}
      propertyPath: m_LocalEulerAnglesHint.x
      value: 0
      objectReference: {fileID: 0}
    - target: {fileID: 8264323819444089140, guid: 2c8fe2cdae0c97c42a7d8e1d41cfef84,
        type: 3}
      propertyPath: m_LocalEulerAnglesHint.y
      value: 0
      objectReference: {fileID: 0}
    - target: {fileID: 8264323819444089140, guid: 2c8fe2cdae0c97c42a7d8e1d41cfef84,
        type: 3}
      propertyPath: m_LocalEulerAnglesHint.z
      value: 0
      objectReference: {fileID: 0}
    m_RemovedComponents: []
  m_SourcePrefab: {fileID: 100100000, guid: 2c8fe2cdae0c97c42a7d8e1d41cfef84, type: 3}
--- !u!4 &2863453138450616496 stripped
Transform:
  m_CorrespondingSourceObject: {fileID: 8264323819444089140, guid: 2c8fe2cdae0c97c42a7d8e1d41cfef84,
    type: 3}
  m_PrefabInstance: {fileID: 6128767764645552516}
  m_PrefabAsset: {fileID: 0}
--- !u!1001 &6128767764797253258
PrefabInstance:
  m_ObjectHideFlags: 0
  serializedVersion: 2
  m_Modification:
    m_TransformParent: {fileID: 6128767763770355510}
    m_Modifications:
    - target: {fileID: 8264323819444089137, guid: 2c8fe2cdae0c97c42a7d8e1d41cfef84,
        type: 3}
      propertyPath: m_Name
      value: Cube (5)
      objectReference: {fileID: 0}
    - target: {fileID: 8264323819444089140, guid: 2c8fe2cdae0c97c42a7d8e1d41cfef84,
        type: 3}
      propertyPath: m_LocalPosition.x
      value: 5.0503964
      objectReference: {fileID: 0}
    - target: {fileID: 8264323819444089140, guid: 2c8fe2cdae0c97c42a7d8e1d41cfef84,
        type: 3}
      propertyPath: m_LocalPosition.y
      value: 1.2871094
      objectReference: {fileID: 0}
    - target: {fileID: 8264323819444089140, guid: 2c8fe2cdae0c97c42a7d8e1d41cfef84,
        type: 3}
      propertyPath: m_LocalPosition.z
      value: -8.693925
      objectReference: {fileID: 0}
    - target: {fileID: 8264323819444089140, guid: 2c8fe2cdae0c97c42a7d8e1d41cfef84,
        type: 3}
      propertyPath: m_LocalRotation.x
      value: -0
      objectReference: {fileID: 0}
    - target: {fileID: 8264323819444089140, guid: 2c8fe2cdae0c97c42a7d8e1d41cfef84,
        type: 3}
      propertyPath: m_LocalRotation.y
      value: -0
      objectReference: {fileID: 0}
    - target: {fileID: 8264323819444089140, guid: 2c8fe2cdae0c97c42a7d8e1d41cfef84,
        type: 3}
      propertyPath: m_LocalRotation.z
      value: -0
      objectReference: {fileID: 0}
    - target: {fileID: 8264323819444089140, guid: 2c8fe2cdae0c97c42a7d8e1d41cfef84,
        type: 3}
      propertyPath: m_LocalRotation.w
      value: 1
      objectReference: {fileID: 0}
    - target: {fileID: 8264323819444089140, guid: 2c8fe2cdae0c97c42a7d8e1d41cfef84,
        type: 3}
      propertyPath: m_RootOrder
      value: 5
      objectReference: {fileID: 0}
    - target: {fileID: 8264323819444089140, guid: 2c8fe2cdae0c97c42a7d8e1d41cfef84,
        type: 3}
      propertyPath: m_LocalEulerAnglesHint.x
      value: 0
      objectReference: {fileID: 0}
    - target: {fileID: 8264323819444089140, guid: 2c8fe2cdae0c97c42a7d8e1d41cfef84,
        type: 3}
      propertyPath: m_LocalEulerAnglesHint.y
      value: 0
      objectReference: {fileID: 0}
    - target: {fileID: 8264323819444089140, guid: 2c8fe2cdae0c97c42a7d8e1d41cfef84,
        type: 3}
      propertyPath: m_LocalEulerAnglesHint.z
      value: 0
      objectReference: {fileID: 0}
    m_RemovedComponents: []
  m_SourcePrefab: {fileID: 100100000, guid: 2c8fe2cdae0c97c42a7d8e1d41cfef84, type: 3}
--- !u!4 &2863453138333554622 stripped
Transform:
  m_CorrespondingSourceObject: {fileID: 8264323819444089140, guid: 2c8fe2cdae0c97c42a7d8e1d41cfef84,
    type: 3}
  m_PrefabInstance: {fileID: 6128767764797253258}
  m_PrefabAsset: {fileID: 0}
