%YAML 1.1
%TAG !u! tag:unity3d.com,2011:
--- !u!29 &1
OcclusionCullingSettings:
  m_ObjectHideFlags: 0
  serializedVersion: 2
  m_OcclusionBakeSettings:
    smallestOccluder: 5
    smallestHole: 0.25
    backfaceThreshold: 100
  m_SceneGUID: 00000000000000000000000000000000
  m_OcclusionCullingData: {fileID: 0}
--- !u!104 &2
RenderSettings:
  m_ObjectHideFlags: 0
  serializedVersion: 9
  m_Fog: 0
  m_FogColor: {r: 0.5, g: 0.5, b: 0.5, a: 1}
  m_FogMode: 3
  m_FogDensity: 0.01
  m_LinearFogStart: 0
  m_LinearFogEnd: 300
  m_AmbientSkyColor: {r: 0.212, g: 0.227, b: 0.259, a: 1}
  m_AmbientEquatorColor: {r: 0.114, g: 0.125, b: 0.133, a: 1}
  m_AmbientGroundColor: {r: 0.047, g: 0.043, b: 0.035, a: 1}
  m_AmbientIntensity: 1
  m_AmbientMode: 0
  m_SubtractiveShadowColor: {r: 0.42, g: 0.478, b: 0.627, a: 1}
  m_SkyboxMaterial: {fileID: 10304, guid: 0000000000000000f000000000000000, type: 0}
  m_HaloStrength: 0.5
  m_FlareStrength: 1
  m_FlareFadeSpeed: 3
  m_HaloTexture: {fileID: 0}
  m_SpotCookie: {fileID: 10001, guid: 0000000000000000e000000000000000, type: 0}
  m_DefaultReflectionMode: 0
  m_DefaultReflectionResolution: 128
  m_ReflectionBounces: 1
  m_ReflectionIntensity: 1
  m_CustomReflection: {fileID: 0}
  m_Sun: {fileID: 705507994}
  m_IndirectSpecularColor: {r: 0.44657898, g: 0.4964133, b: 0.5748178, a: 1}
  m_UseRadianceAmbientProbe: 0
--- !u!157 &3
LightmapSettings:
  m_ObjectHideFlags: 0
  serializedVersion: 11
  m_GIWorkflowMode: 0
  m_GISettings:
    serializedVersion: 2
    m_BounceScale: 1
    m_IndirectOutputScale: 1
    m_AlbedoBoost: 1
    m_EnvironmentLightingMode: 0
    m_EnableBakedLightmaps: 1
    m_EnableRealtimeLightmaps: 1
  m_LightmapEditorSettings:
    serializedVersion: 12
    m_Resolution: 2
    m_BakeResolution: 40
    m_AtlasSize: 1024
    m_AO: 0
    m_AOMaxDistance: 1
    m_CompAOExponent: 1
    m_CompAOExponentDirect: 0
    m_ExtractAmbientOcclusion: 0
    m_Padding: 2
    m_LightmapParameters: {fileID: 0}
    m_LightmapsBakeMode: 1
    m_TextureCompression: 1
    m_FinalGather: 0
    m_FinalGatherFiltering: 1
    m_FinalGatherRayCount: 256
    m_ReflectionCompression: 2
    m_MixedBakeMode: 2
    m_BakeBackend: 1
    m_PVRSampling: 1
    m_PVRDirectSampleCount: 32
    m_PVRSampleCount: 500
    m_PVRBounces: 2
    m_PVREnvironmentSampleCount: 500
    m_PVREnvironmentReferencePointCount: 2048
    m_PVRFilteringMode: 2
    m_PVRDenoiserTypeDirect: 0
    m_PVRDenoiserTypeIndirect: 0
    m_PVRDenoiserTypeAO: 0
    m_PVRFilterTypeDirect: 0
    m_PVRFilterTypeIndirect: 0
    m_PVRFilterTypeAO: 0
    m_PVREnvironmentMIS: 0
    m_PVRCulling: 1
    m_PVRFilteringGaussRadiusDirect: 1
    m_PVRFilteringGaussRadiusIndirect: 5
    m_PVRFilteringGaussRadiusAO: 2
    m_PVRFilteringAtrousPositionSigmaDirect: 0.5
    m_PVRFilteringAtrousPositionSigmaIndirect: 2
    m_PVRFilteringAtrousPositionSigmaAO: 1
    m_ExportTrainingData: 0
    m_TrainingDataDestination: TrainingData
    m_LightProbeSampleCountMultiplier: 4
  m_LightingDataAsset: {fileID: 0}
  m_UseShadowmask: 1
--- !u!196 &4
NavMeshSettings:
  serializedVersion: 2
  m_ObjectHideFlags: 0
  m_BuildSettings:
    serializedVersion: 2
    agentTypeID: 0
    agentRadius: 0.5
    agentHeight: 2
    agentSlope: 45
    agentClimb: 0.4
    ledgeDropHeight: 0
    maxJumpAcrossDistance: 0
    minRegionArea: 2
    manualCellSize: 0
    cellSize: 0.16666667
    manualTileSize: 0
    tileSize: 256
    accuratePlacement: 0
    debug:
      m_Flags: 0
  m_NavMeshData: {fileID: 0}
--- !u!114 &26570766 stripped
MonoBehaviour:
  m_CorrespondingSourceObject: {fileID: 2207658290175053258, guid: 895555d202e592c4caf6acab9733f70f,
    type: 3}
  m_PrefabInstance: {fileID: 1981071300}
  m_PrefabAsset: {fileID: 0}
  m_GameObject: {fileID: 0}
  m_Enabled: 1
  m_EditorHideFlags: 0
  m_Script: {fileID: 11500000, guid: 03700d9930a30e64e927e892e8442af3, type: 3}
  m_Name: 
  m_EditorClassIdentifier: 
--- !u!1001 &35015939
PrefabInstance:
  m_ObjectHideFlags: 0
  serializedVersion: 2
  m_Modification:
    m_TransformParent: {fileID: 0}
    m_Modifications:
    - target: {fileID: 2303244335388827264, guid: aac1532b234d6d443b003f19520be17b,
        type: 3}
      propertyPath: objectParent
      value: 
      objectReference: {fileID: 182589168}
    - target: {fileID: 2303244335388827264, guid: aac1532b234d6d443b003f19520be17b,
        type: 3}
      propertyPath: ObjectParent
      value: 
      objectReference: {fileID: 182589168}
    - target: {fileID: 2303244335388827264, guid: aac1532b234d6d443b003f19520be17b,
        type: 3}
      propertyPath: PrefabToSpawn
      value: 
      objectReference: {fileID: 5270587952240727564, guid: e192088795a7d8844aa69c202fb4e4ac,
        type: 3}
    - target: {fileID: 2303244335388827264, guid: aac1532b234d6d443b003f19520be17b,
        type: 3}
      propertyPath: SpawnLocationOffset.x
      value: 0.07
      objectReference: {fileID: 0}
    - target: {fileID: 2303244335388827264, guid: aac1532b234d6d443b003f19520be17b,
        type: 3}
      propertyPath: SpawnLocationOffset.z
      value: -25.28
      objectReference: {fileID: 0}
    - target: {fileID: 2303244335388827264, guid: aac1532b234d6d443b003f19520be17b,
        type: 3}
      propertyPath: _maxObjects
      value: 5
      objectReference: {fileID: 0}
    - target: {fileID: 2303244335388827264, guid: aac1532b234d6d443b003f19520be17b,
        type: 3}
      propertyPath: Alpha
      value: 1
      objectReference: {fileID: 0}
    - target: {fileID: 2303244335388827264, guid: aac1532b234d6d443b003f19520be17b,
        type: 3}
      propertyPath: FadeTime
      value: 3
      objectReference: {fileID: 0}
    - target: {fileID: 2303244335388827264, guid: aac1532b234d6d443b003f19520be17b,
        type: 3}
      propertyPath: Switch
      value: 
      objectReference: {fileID: 26570766}
    - target: {fileID: 2303244335388827265, guid: aac1532b234d6d443b003f19520be17b,
        type: 3}
      propertyPath: m_Name
      value: SphereButtonParent (1)
      objectReference: {fileID: 0}
    - target: {fileID: 2303244335388827268, guid: aac1532b234d6d443b003f19520be17b,
        type: 3}
      propertyPath: m_LocalPosition.x
      value: -10.75
      objectReference: {fileID: 0}
    - target: {fileID: 2303244335388827268, guid: aac1532b234d6d443b003f19520be17b,
        type: 3}
      propertyPath: m_LocalPosition.y
      value: 1.7949367
      objectReference: {fileID: 0}
    - target: {fileID: 2303244335388827268, guid: aac1532b234d6d443b003f19520be17b,
        type: 3}
      propertyPath: m_LocalPosition.z
      value: 8.71
      objectReference: {fileID: 0}
    - target: {fileID: 2303244335388827268, guid: aac1532b234d6d443b003f19520be17b,
        type: 3}
      propertyPath: m_LocalRotation.x
      value: -0
      objectReference: {fileID: 0}
    - target: {fileID: 2303244335388827268, guid: aac1532b234d6d443b003f19520be17b,
        type: 3}
      propertyPath: m_LocalRotation.y
      value: -0
      objectReference: {fileID: 0}
    - target: {fileID: 2303244335388827268, guid: aac1532b234d6d443b003f19520be17b,
        type: 3}
      propertyPath: m_LocalRotation.z
      value: -0
      objectReference: {fileID: 0}
    - target: {fileID: 2303244335388827268, guid: aac1532b234d6d443b003f19520be17b,
        type: 3}
      propertyPath: m_LocalRotation.w
      value: 1
      objectReference: {fileID: 0}
    - target: {fileID: 2303244335388827268, guid: aac1532b234d6d443b003f19520be17b,
        type: 3}
      propertyPath: m_RootOrder
      value: 6
      objectReference: {fileID: 0}
    - target: {fileID: 2303244335388827268, guid: aac1532b234d6d443b003f19520be17b,
        type: 3}
      propertyPath: m_LocalEulerAnglesHint.x
      value: 0
      objectReference: {fileID: 0}
    - target: {fileID: 2303244335388827268, guid: aac1532b234d6d443b003f19520be17b,
        type: 3}
      propertyPath: m_LocalEulerAnglesHint.y
      value: 0
      objectReference: {fileID: 0}
    - target: {fileID: 2303244335388827268, guid: aac1532b234d6d443b003f19520be17b,
        type: 3}
      propertyPath: m_LocalEulerAnglesHint.z
      value: 0
      objectReference: {fileID: 0}
    m_RemovedComponents: []
  m_SourcePrefab: {fileID: 100100000, guid: aac1532b234d6d443b003f19520be17b, type: 3}
--- !u!4 &182589168 stripped
Transform:
  m_CorrespondingSourceObject: {fileID: 6128767763770355510, guid: 97ab2b2fd6cfbea48bfd7750fb250a16,
    type: 3}
  m_PrefabInstance: {fileID: 6128767763604814278}
  m_PrefabAsset: {fileID: 0}
--- !u!1001 &191725403
PrefabInstance:
  m_ObjectHideFlags: 0
  serializedVersion: 2
  m_Modification:
    m_TransformParent: {fileID: 0}
    m_Modifications:
    - target: {fileID: 4442575689171498229, guid: 845fd4e91fafb2149b15059faec2681b,
        type: 3}
      propertyPath: m_Mesh
      value: 
      objectReference: {fileID: 1183173938}
    - target: {fileID: 5550435788109655849, guid: 845fd4e91fafb2149b15059faec2681b,
        type: 3}
      propertyPath: m_LocalPosition.x
      value: -3.907561
      objectReference: {fileID: 0}
    - target: {fileID: 5550435788109655849, guid: 845fd4e91fafb2149b15059faec2681b,
        type: 3}
      propertyPath: m_LocalPosition.y
      value: 8.876842e-17
      objectReference: {fileID: 0}
    - target: {fileID: 5550435788109655849, guid: 845fd4e91fafb2149b15059faec2681b,
        type: 3}
      propertyPath: m_LocalPosition.z
      value: -13.016597
      objectReference: {fileID: 0}
    - target: {fileID: 5550435788109655849, guid: 845fd4e91fafb2149b15059faec2681b,
        type: 3}
      propertyPath: m_LocalRotation.x
      value: 0
      objectReference: {fileID: 0}
    - target: {fileID: 5550435788109655849, guid: 845fd4e91fafb2149b15059faec2681b,
        type: 3}
      propertyPath: m_LocalRotation.y
      value: 0
      objectReference: {fileID: 0}
    - target: {fileID: 5550435788109655849, guid: 845fd4e91fafb2149b15059faec2681b,
        type: 3}
      propertyPath: m_LocalRotation.z
      value: 0
      objectReference: {fileID: 0}
    - target: {fileID: 5550435788109655849, guid: 845fd4e91fafb2149b15059faec2681b,
        type: 3}
      propertyPath: m_LocalRotation.w
      value: 1
      objectReference: {fileID: 0}
    - target: {fileID: 5550435788109655849, guid: 845fd4e91fafb2149b15059faec2681b,
        type: 3}
      propertyPath: m_RootOrder
      value: 2
      objectReference: {fileID: 0}
    - target: {fileID: 5550435788109655849, guid: 845fd4e91fafb2149b15059faec2681b,
        type: 3}
      propertyPath: m_LocalEulerAnglesHint.x
      value: 0
      objectReference: {fileID: 0}
    - target: {fileID: 5550435788109655849, guid: 845fd4e91fafb2149b15059faec2681b,
        type: 3}
      propertyPath: m_LocalEulerAnglesHint.y
      value: 0
      objectReference: {fileID: 0}
    - target: {fileID: 5550435788109655849, guid: 845fd4e91fafb2149b15059faec2681b,
        type: 3}
      propertyPath: m_LocalEulerAnglesHint.z
      value: 0
      objectReference: {fileID: 0}
    - target: {fileID: 6987584974517420268, guid: 845fd4e91fafb2149b15059faec2681b,
        type: 3}
      propertyPath: m_Name
      value: Cone
      objectReference: {fileID: 0}
    - target: {fileID: 6987584974517420268, guid: 845fd4e91fafb2149b15059faec2681b,
        type: 3}
      propertyPath: m_Layer
      value: 15
      objectReference: {fileID: 0}
    - target: {fileID: 7328481871233925662, guid: 845fd4e91fafb2149b15059faec2681b,
        type: 3}
      propertyPath: m_Mesh
      value: 
      objectReference: {fileID: 1183173938}
    - target: {fileID: 7328481871233925662, guid: 845fd4e91fafb2149b15059faec2681b,
        type: 3}
      propertyPath: m_Convex
      value: 1
      objectReference: {fileID: 0}
    - target: {fileID: 8821039704527085188, guid: 845fd4e91fafb2149b15059faec2681b,
        type: 3}
      propertyPath: m_Tangents.Array.data[6].y
      value: 0.000000017206379
      objectReference: {fileID: 0}
    - target: {fileID: 8821039704527085188, guid: 845fd4e91fafb2149b15059faec2681b,
        type: 3}
      propertyPath: m_Tangents.Array.data[6].z
      value: -0.7071069
      objectReference: {fileID: 0}
    - target: {fileID: 8821039704527085188, guid: 845fd4e91fafb2149b15059faec2681b,
        type: 3}
      propertyPath: m_Tangents.Array.data[7].y
      value: 0.000000017206379
      objectReference: {fileID: 0}
    - target: {fileID: 8821039704527085188, guid: 845fd4e91fafb2149b15059faec2681b,
        type: 3}
      propertyPath: m_Tangents.Array.data[7].z
      value: -0.7071069
      objectReference: {fileID: 0}
    - target: {fileID: 8821039704527085188, guid: 845fd4e91fafb2149b15059faec2681b,
        type: 3}
      propertyPath: m_Tangents.Array.data[8].y
      value: 0.000000017206379
      objectReference: {fileID: 0}
    - target: {fileID: 8821039704527085188, guid: 845fd4e91fafb2149b15059faec2681b,
        type: 3}
      propertyPath: m_Tangents.Array.data[8].z
      value: -0.7071069
      objectReference: {fileID: 0}
    - target: {fileID: 8821039704527085188, guid: 845fd4e91fafb2149b15059faec2681b,
        type: 3}
      propertyPath: m_Tangents.Array.data[12].x
      value: 0.7071068
      objectReference: {fileID: 0}
    - target: {fileID: 8821039704527085188, guid: 845fd4e91fafb2149b15059faec2681b,
        type: 3}
      propertyPath: m_Tangents.Array.data[12].y
      value: 0.000000017206382
      objectReference: {fileID: 0}
    - target: {fileID: 8821039704527085188, guid: 845fd4e91fafb2149b15059faec2681b,
        type: 3}
      propertyPath: m_Tangents.Array.data[12].z
      value: -0.70710677
      objectReference: {fileID: 0}
    - target: {fileID: 8821039704527085188, guid: 845fd4e91fafb2149b15059faec2681b,
        type: 3}
      propertyPath: m_Tangents.Array.data[13].x
      value: 0.7071068
      objectReference: {fileID: 0}
    - target: {fileID: 8821039704527085188, guid: 845fd4e91fafb2149b15059faec2681b,
        type: 3}
      propertyPath: m_Tangents.Array.data[13].y
      value: 0.000000017206382
      objectReference: {fileID: 0}
    - target: {fileID: 8821039704527085188, guid: 845fd4e91fafb2149b15059faec2681b,
        type: 3}
      propertyPath: m_Tangents.Array.data[13].z
      value: -0.70710677
      objectReference: {fileID: 0}
    - target: {fileID: 8821039704527085188, guid: 845fd4e91fafb2149b15059faec2681b,
        type: 3}
      propertyPath: m_Tangents.Array.data[14].x
      value: 0.7071068
      objectReference: {fileID: 0}
    - target: {fileID: 8821039704527085188, guid: 845fd4e91fafb2149b15059faec2681b,
        type: 3}
      propertyPath: m_Tangents.Array.data[14].y
      value: 0.000000017206382
      objectReference: {fileID: 0}
    - target: {fileID: 8821039704527085188, guid: 845fd4e91fafb2149b15059faec2681b,
        type: 3}
      propertyPath: m_Tangents.Array.data[14].z
      value: -0.70710677
      objectReference: {fileID: 0}
    m_RemovedComponents: []
  m_SourcePrefab: {fileID: 100100000, guid: 845fd4e91fafb2149b15059faec2681b, type: 3}
--- !u!1 &222753153
GameObject:
  m_ObjectHideFlags: 0
  m_CorrespondingSourceObject: {fileID: 0}
  m_PrefabInstance: {fileID: 0}
  m_PrefabAsset: {fileID: 0}
  serializedVersion: 6
  m_Component:
  - component: {fileID: 222753157}
  - component: {fileID: 222753156}
  - component: {fileID: 222753155}
  - component: {fileID: 222753154}
  m_Layer: 10
  m_Name: Plane
  m_TagString: Untagged
  m_Icon: {fileID: 0}
  m_NavMeshLayer: 0
  m_StaticEditorFlags: 0
  m_IsActive: 1
--- !u!64 &222753154
MeshCollider:
  m_ObjectHideFlags: 0
  m_CorrespondingSourceObject: {fileID: 0}
  m_PrefabInstance: {fileID: 0}
  m_PrefabAsset: {fileID: 0}
  m_GameObject: {fileID: 222753153}
  m_Material: {fileID: 0}
  m_IsTrigger: 0
  m_Enabled: 1
  serializedVersion: 3
  m_Convex: 0
  m_CookingOptions: 14
  m_Mesh: {fileID: 10209, guid: 0000000000000000e000000000000000, type: 0}
--- !u!23 &222753155
MeshRenderer:
  m_ObjectHideFlags: 0
  m_CorrespondingSourceObject: {fileID: 0}
  m_PrefabInstance: {fileID: 0}
  m_PrefabAsset: {fileID: 0}
  m_GameObject: {fileID: 222753153}
  m_Enabled: 1
  m_CastShadows: 1
  m_ReceiveShadows: 1
  m_DynamicOccludee: 1
  m_MotionVectors: 1
  m_LightProbeUsage: 1
  m_ReflectionProbeUsage: 1
  m_RayTracingMode: 2
  m_RenderingLayerMask: 1
  m_RendererPriority: 0
  m_Materials:
  - {fileID: 2100000, guid: bb7767ac4b91a7f4c943fadec2251fd4, type: 2}
  m_StaticBatchInfo:
    firstSubMesh: 0
    subMeshCount: 0
  m_StaticBatchRoot: {fileID: 0}
  m_ProbeAnchor: {fileID: 0}
  m_LightProbeVolumeOverride: {fileID: 0}
  m_ScaleInLightmap: 1
  m_ReceiveGI: 1
  m_PreserveUVs: 0
  m_IgnoreNormalsForChartDetection: 0
  m_ImportantGI: 0
  m_StitchLightmapSeams: 1
  m_SelectedEditorRenderState: 3
  m_MinimumChartSize: 4
  m_AutoUVMaxDistance: 0.5
  m_AutoUVMaxAngle: 89
  m_LightmapParameters: {fileID: 0}
  m_SortingLayerID: 0
  m_SortingLayer: 0
  m_SortingOrder: 0
--- !u!33 &222753156
MeshFilter:
  m_ObjectHideFlags: 0
  m_CorrespondingSourceObject: {fileID: 0}
  m_PrefabInstance: {fileID: 0}
  m_PrefabAsset: {fileID: 0}
  m_GameObject: {fileID: 222753153}
  m_Mesh: {fileID: 10209, guid: 0000000000000000e000000000000000, type: 0}
--- !u!4 &222753157
Transform:
  m_ObjectHideFlags: 0
  m_CorrespondingSourceObject: {fileID: 0}
  m_PrefabInstance: {fileID: 0}
  m_PrefabAsset: {fileID: 0}
  m_GameObject: {fileID: 222753153}
  m_LocalRotation: {x: 0, y: 0, z: 0, w: 1}
  m_LocalPosition: {x: 0, y: 0, z: 0}
  m_LocalScale: {x: 3.6035, y: 1, z: 3.5061}
  m_Children:
  - {fileID: 570312397}
  - {fileID: 1437528263}
  m_Father: {fileID: 0}
  m_RootOrder: 10
  m_LocalEulerAnglesHint: {x: 0, y: 0, z: 0}
--- !u!114 &431356274 stripped
MonoBehaviour:
  m_CorrespondingSourceObject: {fileID: 2207658290175053258, guid: 895555d202e592c4caf6acab9733f70f,
    type: 3}
  m_PrefabInstance: {fileID: 6265927577906378738}
  m_PrefabAsset: {fileID: 0}
  m_GameObject: {fileID: 0}
  m_Enabled: 1
  m_EditorHideFlags: 0
  m_Script: {fileID: 11500000, guid: 03700d9930a30e64e927e892e8442af3, type: 3}
  m_Name: 
  m_EditorClassIdentifier: 
--- !u!1001 &488430851
PrefabInstance:
  m_ObjectHideFlags: 0
  serializedVersion: 2
  m_Modification:
    m_TransformParent: {fileID: 0}
    m_Modifications:
    - target: {fileID: 2119586508030006270, guid: 895555d202e592c4caf6acab9733f70f,
        type: 3}
      propertyPath: m_Name
      value: Switch (3)
      objectReference: {fileID: 0}
    - target: {fileID: 9191258718607016032, guid: 895555d202e592c4caf6acab9733f70f,
        type: 3}
      propertyPath: m_LocalPosition.x
      value: -1.1410952
      objectReference: {fileID: 0}
    - target: {fileID: 9191258718607016032, guid: 895555d202e592c4caf6acab9733f70f,
        type: 3}
      propertyPath: m_LocalPosition.y
      value: 0.0837177
      objectReference: {fileID: 0}
    - target: {fileID: 9191258718607016032, guid: 895555d202e592c4caf6acab9733f70f,
        type: 3}
      propertyPath: m_LocalPosition.z
      value: -5.7155476
      objectReference: {fileID: 0}
    - target: {fileID: 9191258718607016032, guid: 895555d202e592c4caf6acab9733f70f,
        type: 3}
      propertyPath: m_LocalRotation.x
      value: 0
      objectReference: {fileID: 0}
    - target: {fileID: 9191258718607016032, guid: 895555d202e592c4caf6acab9733f70f,
        type: 3}
      propertyPath: m_LocalRotation.y
      value: 0
      objectReference: {fileID: 0}
    - target: {fileID: 9191258718607016032, guid: 895555d202e592c4caf6acab9733f70f,
        type: 3}
      propertyPath: m_LocalRotation.z
      value: 0
      objectReference: {fileID: 0}
    - target: {fileID: 9191258718607016032, guid: 895555d202e592c4caf6acab9733f70f,
        type: 3}
      propertyPath: m_LocalRotation.w
      value: 1
      objectReference: {fileID: 0}
    - target: {fileID: 9191258718607016032, guid: 895555d202e592c4caf6acab9733f70f,
        type: 3}
      propertyPath: m_RootOrder
      value: 3
      objectReference: {fileID: 0}
    - target: {fileID: 9191258718607016032, guid: 895555d202e592c4caf6acab9733f70f,
        type: 3}
      propertyPath: m_LocalEulerAnglesHint.x
      value: 0
      objectReference: {fileID: 0}
    - target: {fileID: 9191258718607016032, guid: 895555d202e592c4caf6acab9733f70f,
        type: 3}
      propertyPath: m_LocalEulerAnglesHint.y
      value: 0
      objectReference: {fileID: 0}
    - target: {fileID: 9191258718607016032, guid: 895555d202e592c4caf6acab9733f70f,
        type: 3}
      propertyPath: m_LocalEulerAnglesHint.z
      value: 0
      objectReference: {fileID: 0}
    m_RemovedComponents: []
  m_SourcePrefab: {fileID: 100100000, guid: 895555d202e592c4caf6acab9733f70f, type: 3}
--- !u!1 &570312396
GameObject:
  m_ObjectHideFlags: 0
  m_CorrespondingSourceObject: {fileID: 0}
  m_PrefabInstance: {fileID: 0}
  m_PrefabAsset: {fileID: 0}
  serializedVersion: 6
  m_Component:
  - component: {fileID: 570312397}
  - component: {fileID: 570312400}
  - component: {fileID: 570312399}
  - component: {fileID: 570312398}
  m_Layer: 10
  m_Name: Cube
  m_TagString: Untagged
  m_Icon: {fileID: 0}
  m_NavMeshLayer: 0
  m_StaticEditorFlags: 0
  m_IsActive: 1
--- !u!4 &570312397
Transform:
  m_ObjectHideFlags: 0
  m_CorrespondingSourceObject: {fileID: 0}
  m_PrefabInstance: {fileID: 0}
  m_PrefabAsset: {fileID: 0}
  m_GameObject: {fileID: 570312396}
  m_LocalRotation: {x: 0, y: 0, z: 0, w: 1}
  m_LocalPosition: {x: 3.0979998, y: 0.36301002, z: -1.93}
  m_LocalScale: {x: 1, y: 1, z: 1}
  m_Children: []
  m_Father: {fileID: 222753157}
  m_RootOrder: 0
  m_LocalEulerAnglesHint: {x: 0, y: 0, z: 0}
--- !u!65 &570312398
BoxCollider:
  m_ObjectHideFlags: 0
  m_CorrespondingSourceObject: {fileID: 0}
  m_PrefabInstance: {fileID: 0}
  m_PrefabAsset: {fileID: 0}
  m_GameObject: {fileID: 570312396}
  m_Material: {fileID: 0}
  m_IsTrigger: 0
  m_Enabled: 1
  serializedVersion: 2
  m_Size: {x: 1, y: 1, z: 1}
  m_Center: {x: 0, y: 0, z: 0}
--- !u!23 &570312399
MeshRenderer:
  m_ObjectHideFlags: 0
  m_CorrespondingSourceObject: {fileID: 0}
  m_PrefabInstance: {fileID: 0}
  m_PrefabAsset: {fileID: 0}
  m_GameObject: {fileID: 570312396}
  m_Enabled: 1
  m_CastShadows: 1
  m_ReceiveShadows: 1
  m_DynamicOccludee: 1
  m_MotionVectors: 1
  m_LightProbeUsage: 1
  m_ReflectionProbeUsage: 1
  m_RayTracingMode: 2
  m_RenderingLayerMask: 1
  m_RendererPriority: 0
  m_Materials:
  - {fileID: 10303, guid: 0000000000000000f000000000000000, type: 0}
  m_StaticBatchInfo:
    firstSubMesh: 0
    subMeshCount: 0
  m_StaticBatchRoot: {fileID: 0}
  m_ProbeAnchor: {fileID: 0}
  m_LightProbeVolumeOverride: {fileID: 0}
  m_ScaleInLightmap: 1
  m_ReceiveGI: 1
  m_PreserveUVs: 0
  m_IgnoreNormalsForChartDetection: 0
  m_ImportantGI: 0
  m_StitchLightmapSeams: 1
  m_SelectedEditorRenderState: 3
  m_MinimumChartSize: 4
  m_AutoUVMaxDistance: 0.5
  m_AutoUVMaxAngle: 89
  m_LightmapParameters: {fileID: 0}
  m_SortingLayerID: 0
  m_SortingLayer: 0
  m_SortingOrder: 0
--- !u!33 &570312400
MeshFilter:
  m_ObjectHideFlags: 0
  m_CorrespondingSourceObject: {fileID: 0}
  m_PrefabInstance: {fileID: 0}
  m_PrefabAsset: {fileID: 0}
  m_GameObject: {fileID: 570312396}
  m_Mesh: {fileID: 10202, guid: 0000000000000000e000000000000000, type: 0}
--- !u!1 &705507993
GameObject:
  m_ObjectHideFlags: 0
  m_CorrespondingSourceObject: {fileID: 0}
  m_PrefabInstance: {fileID: 0}
  m_PrefabAsset: {fileID: 0}
  serializedVersion: 6
  m_Component:
  - component: {fileID: 705507995}
  - component: {fileID: 705507994}
  m_Layer: 0
  m_Name: Directional Light
  m_TagString: Untagged
  m_Icon: {fileID: 0}
  m_NavMeshLayer: 0
  m_StaticEditorFlags: 0
  m_IsActive: 1
--- !u!108 &705507994
Light:
  m_ObjectHideFlags: 0
  m_CorrespondingSourceObject: {fileID: 0}
  m_PrefabInstance: {fileID: 0}
  m_PrefabAsset: {fileID: 0}
  m_GameObject: {fileID: 705507993}
  m_Enabled: 1
  serializedVersion: 10
  m_Type: 1
  m_Shape: 0
  m_Color: {r: 1, g: 0.95686275, b: 0.8392157, a: 1}
  m_Intensity: 1
  m_Range: 10
  m_SpotAngle: 30
  m_InnerSpotAngle: 21.80208
  m_CookieSize: 10
  m_Shadows:
    m_Type: 2
    m_Resolution: -1
    m_CustomResolution: -1
    m_Strength: 1
    m_Bias: 0.05
    m_NormalBias: 0.4
    m_NearPlane: 0.2
    m_CullingMatrixOverride:
      e00: 1
      e01: 0
      e02: 0
      e03: 0
      e10: 0
      e11: 1
      e12: 0
      e13: 0
      e20: 0
      e21: 0
      e22: 1
      e23: 0
      e30: 0
      e31: 0
      e32: 0
      e33: 1
    m_UseCullingMatrixOverride: 0
  m_Cookie: {fileID: 0}
  m_DrawHalo: 0
  m_Flare: {fileID: 0}
  m_RenderMode: 0
  m_CullingMask:
    serializedVersion: 2
    m_Bits: 4294967295
  m_RenderingLayerMask: 1
  m_Lightmapping: 1
  m_LightShadowCasterMode: 0
  m_AreaSize: {x: 1, y: 1}
  m_BounceIntensity: 1
  m_ColorTemperature: 6570
  m_UseColorTemperature: 0
  m_BoundingSphereOverride: {x: 0, y: 0, z: 0, w: 0}
  m_UseBoundingSphereOverride: 0
  m_ShadowRadius: 0
  m_ShadowAngle: 0
--- !u!4 &705507995
Transform:
  m_ObjectHideFlags: 0
  m_CorrespondingSourceObject: {fileID: 0}
  m_PrefabInstance: {fileID: 0}
  m_PrefabAsset: {fileID: 0}
  m_GameObject: {fileID: 705507993}
  m_LocalRotation: {x: 0.40821788, y: -0.23456968, z: 0.10938163, w: 0.8754261}
  m_LocalPosition: {x: 0, y: 3, z: 0}
  m_LocalScale: {x: 1, y: 1, z: 1}
  m_Children: []
  m_Father: {fileID: 0}
  m_RootOrder: 0
  m_LocalEulerAnglesHint: {x: 50, y: -30, z: 0}
--- !u!1 &958867838
GameObject:
  m_ObjectHideFlags: 0
  m_CorrespondingSourceObject: {fileID: 0}
  m_PrefabInstance: {fileID: 0}
  m_PrefabAsset: {fileID: 0}
  serializedVersion: 6
  m_Component:
  - component: {fileID: 958867843}
  - component: {fileID: 958867842}
  - component: {fileID: 958867841}
  - component: {fileID: 958867840}
  - component: {fileID: 958867839}
  m_Layer: 10
  m_Name: Cube
  m_TagString: Untagged
  m_Icon: {fileID: 0}
  m_NavMeshLayer: 0
  m_StaticEditorFlags: 0
  m_IsActive: 1
--- !u!64 &958867839
MeshCollider:
  m_ObjectHideFlags: 0
  m_CorrespondingSourceObject: {fileID: 0}
  m_PrefabInstance: {fileID: 0}
  m_PrefabAsset: {fileID: 0}
  m_GameObject: {fileID: 958867838}
  m_Material: {fileID: 0}
  m_IsTrigger: 0
  m_Enabled: 1
  serializedVersion: 3
  m_Convex: 0
  m_CookingOptions: 30
  m_Mesh: {fileID: 1890523476}
--- !u!114 &958867840
MonoBehaviour:
  m_ObjectHideFlags: 0
  m_CorrespondingSourceObject: {fileID: 0}
  m_PrefabInstance: {fileID: 0}
  m_PrefabAsset: {fileID: 0}
  m_GameObject: {fileID: 958867838}
  m_Enabled: 1
  m_EditorHideFlags: 0
  m_Script: {fileID: 11500000, guid: 8233d90336aea43098adf6dbabd606a2, type: 3}
  m_Name: 
  m_EditorClassIdentifier: 
  m_MeshFormatVersion: 1
  m_Faces:
  - m_Indexes: 000000000100000002000000010000000300000002000000
    m_SmoothingGroup: 0
    m_Uv:
      m_UseWorldSpace: 0
      m_FlipU: 0
      m_FlipV: 0
      m_SwapUV: 0
      m_Fill: 1
      m_Scale: {x: 1, y: 1}
      m_Offset: {x: 0, y: 0}
      m_Rotation: 0
      m_Anchor: 9
    m_Material: {fileID: 0}
    m_SubmeshIndex: 0
    m_ManualUV: 0
    elementGroup: -1
    m_TextureGroup: -1
  - m_Indexes: 040000000500000006000000050000000700000006000000
    m_SmoothingGroup: 0
    m_Uv:
      m_UseWorldSpace: 0
      m_FlipU: 0
      m_FlipV: 0
      m_SwapUV: 0
      m_Fill: 1
      m_Scale: {x: 1, y: 1}
      m_Offset: {x: 0, y: 0}
      m_Rotation: 0
      m_Anchor: 9
    m_Material: {fileID: 0}
    m_SubmeshIndex: 0
    m_ManualUV: 0
    elementGroup: -1
    m_TextureGroup: -1
  - m_Indexes: 08000000090000000a000000090000000b0000000a000000
    m_SmoothingGroup: 0
    m_Uv:
      m_UseWorldSpace: 0
      m_FlipU: 0
      m_FlipV: 0
      m_SwapUV: 0
      m_Fill: 1
      m_Scale: {x: 1, y: 1}
      m_Offset: {x: 0, y: 0}
      m_Rotation: 0
      m_Anchor: 9
    m_Material: {fileID: 0}
    m_SubmeshIndex: 0
    m_ManualUV: 0
    elementGroup: -1
    m_TextureGroup: -1
  - m_Indexes: 0c0000000d0000000e0000000d0000000f0000000e000000
    m_SmoothingGroup: 0
    m_Uv:
      m_UseWorldSpace: 0
      m_FlipU: 0
      m_FlipV: 0
      m_SwapUV: 0
      m_Fill: 1
      m_Scale: {x: 1, y: 1}
      m_Offset: {x: 0, y: 0}
      m_Rotation: 0
      m_Anchor: 9
    m_Material: {fileID: 0}
    m_SubmeshIndex: 0
    m_ManualUV: 0
    elementGroup: -1
    m_TextureGroup: -1
  - m_Indexes: 100000001100000012000000110000001300000012000000
    m_SmoothingGroup: 0
    m_Uv:
      m_UseWorldSpace: 0
      m_FlipU: 0
      m_FlipV: 0
      m_SwapUV: 0
      m_Fill: 1
      m_Scale: {x: 1, y: 1}
      m_Offset: {x: 0, y: 0}
      m_Rotation: 0
      m_Anchor: 9
    m_Material: {fileID: 0}
    m_SubmeshIndex: 0
    m_ManualUV: 0
    elementGroup: -1
    m_TextureGroup: -1
  - m_Indexes: 140000001500000016000000150000001700000016000000
    m_SmoothingGroup: 0
    m_Uv:
      m_UseWorldSpace: 0
      m_FlipU: 0
      m_FlipV: 0
      m_SwapUV: 0
      m_Fill: 1
      m_Scale: {x: 1, y: 1}
      m_Offset: {x: 0, y: 0}
      m_Rotation: 0
      m_Anchor: 9
    m_Material: {fileID: 0}
    m_SubmeshIndex: 0
    m_ManualUV: 0
    elementGroup: -1
    m_TextureGroup: -1
  m_SharedVertices:
  - m_Vertices: 000000000d00000016000000
  - m_Vertices: 010000000400000017000000
  - m_Vertices: 020000000f00000010000000
  - m_Vertices: 030000000600000011000000
  - m_Vertices: 050000000800000015000000
  - m_Vertices: 070000000a00000013000000
  - m_Vertices: 090000000c00000014000000
  - m_Vertices: 0b0000000e00000012000000
  m_SharedTextures: []
  m_Positions:
  - {x: 0, y: -0.28528428, z: 0.012850046}
  - {x: 3, y: 0, z: 0}
  - {x: 0, y: 0.7108915, z: 0.100222826}
  - {x: 3, y: 0.7108915, z: 0.100222826}
  - {x: 3, y: 0, z: 0}
  - {x: 3, y: -0.258164, z: -3.1596255}
  - {x: 3, y: 0.7108915, z: 0.100222826}
  - {x: 3, y: 0.021030635, z: -2.199445}
  - {x: 3, y: -0.258164, z: -3.1596255}
  - {x: 0, y: -0.2663956, z: -3.1572485}
  - {x: 3, y: 0.021030635, z: -2.199445}
  - {x: 0, y: 0.021030635, z: -2.199445}
  - {x: 0, y: -0.2663956, z: -3.1572485}
  - {x: 0, y: -0.28528428, z: 0.012850046}
  - {x: 0, y: 0.021030635, z: -2.199445}
  - {x: 0, y: 0.7108915, z: 0.100222826}
  - {x: 0, y: 0.7108915, z: 0.100222826}
  - {x: 3, y: 0.7108915, z: 0.100222826}
  - {x: 0, y: 0.021030635, z: -2.199445}
  - {x: 3, y: 0.021030635, z: -2.199445}
  - {x: 0, y: -0.2663956, z: -3.1572485}
  - {x: 3, y: -0.258164, z: -3.1596255}
  - {x: 0, y: -0.28528428, z: 0.012850046}
  - {x: 3, y: 0, z: 0}
  m_Textures0:
  - {x: 0.00016220527, y: -0.28307086}
  - {x: -2.9997609, y: 0.0033084406}
  - {x: 0.001265106, y: 0.7169286}
  - {x: -2.9984958, y: 0.7202371}
  - {x: 0, y: 0}
  - {x: -3.1596255, y: -0.258164}
  - {x: 0.100222826, y: 0.7108915}
  - {x: -2.199445, y: 0.021030635}
  - {x: 2.999219, y: -3.1085417}
  - {x: -0.00079232705, y: -3.1060662}
  - {x: 3.0000494, y: -2.108594}
  - {x: 0.00006255036, y: -2.1061027}
  - {x: 3.1572485, y: -0.2663956}
  - {x: -0.012850046, y: -0.28528428}
  - {x: 2.199445, y: 0.021030635}
  - {x: -0.100222826, y: 0.7108915}
  - {x: 0, y: 0.3002589}
  - {x: 3, y: 0.3002589}
  - {x: 0, y: -2.1006534}
  - {x: 3, y: -2.1006534}
  - {x: 0.0007296945, y: -3.155605}
  - {x: -2.9992816, y: -3.1579823}
  - {x: 0.0007814332, y: 0.014549609}
  - {x: -2.9999888, y: 0.000048961505}
  m_Textures2: []
  m_Textures3: []
  m_Tangents:
  - {x: -0.99992037, y: -6.5374794e-10, z: 0.012622934, w: -1}
  - {x: -0.99997944, y: 0.00054628146, z: 0.0063929744, w: -1}
  - {x: -0.99997944, y: 0.00054628146, z: 0.0063929744, w: -1}
  - {x: -0.9999994, y: 0.0010935375, z: 0.00015416901, w: -1}
  - {x: 0, y: 0, z: 1, w: -1}
  - {x: 0, y: 0, z: 1, w: -1}
  - {x: 0, y: 0, z: 1, w: -1}
  - {x: 0, y: 0, z: 1, w: 1}
  - {x: 0.9999956, y: 0.0029742513, z: 0.000000005945257, w: -1}
  - {x: 0.9999987, y: 0.0016064979, z: 0.00039769599, w: -1}
  - {x: 0.9999987, y: 0.0016064979, z: 0.00039769599, w: -1}
  - {x: 0.99999976, y: 0.0002386908, z: 0.00079540024, w: -1}
  - {x: 0, y: 0, z: -1, w: -1}
  - {x: 0, y: 0, z: -1, w: -1}
  - {x: 0, y: 0, z: -1, w: -1}
  - {x: 0, y: 0, z: -1, w: -1}
  - {x: 1, y: 0, z: 0, w: -1}
  - {x: 1, y: 0, z: 0, w: -1}
  - {x: 1, y: 0, z: 0, w: -1}
  - {x: 1, y: 0, z: 0, w: -1}
  - {x: -0.99999624, y: -0.0027391382, z: -0.000000065466615, w: -1}
  - {x: -0.9988054, y: -0.048863184, z: -0.00028300576, w: -1}
  - {x: -0.9988054, y: -0.048863184, z: -0.00028300576, w: -1}
  - {x: -0.9954716, y: -0.095057495, z: -0.0005501273, w: -1}
  m_Colors: []
  m_UnwrapParameters:
    m_HardAngle: 88
    m_PackMargin: 20
    m_AngleError: 8
    m_AreaError: 15
  m_PreserveMeshAssetOnDestroy: 0
  assetGuid: 
  m_IsSelectable: 1
  m_SelectedFaces: 
  m_SelectedEdges: []
  m_SelectedVertices: 
--- !u!23 &958867841
MeshRenderer:
  m_ObjectHideFlags: 0
  m_CorrespondingSourceObject: {fileID: 0}
  m_PrefabInstance: {fileID: 0}
  m_PrefabAsset: {fileID: 0}
  m_GameObject: {fileID: 958867838}
  m_Enabled: 1
  m_CastShadows: 1
  m_ReceiveShadows: 1
  m_DynamicOccludee: 1
  m_MotionVectors: 1
  m_LightProbeUsage: 1
  m_ReflectionProbeUsage: 1
  m_RayTracingMode: 2
  m_RenderingLayerMask: 1
  m_RendererPriority: 0
  m_Materials:
  - {fileID: 2100000, guid: c22777d6e868e4f2fb421913386b154e, type: 2}
  m_StaticBatchInfo:
    firstSubMesh: 0
    subMeshCount: 0
  m_StaticBatchRoot: {fileID: 0}
  m_ProbeAnchor: {fileID: 0}
  m_LightProbeVolumeOverride: {fileID: 0}
  m_ScaleInLightmap: 1
  m_ReceiveGI: 1
  m_PreserveUVs: 0
  m_IgnoreNormalsForChartDetection: 0
  m_ImportantGI: 0
  m_StitchLightmapSeams: 1
  m_SelectedEditorRenderState: 3
  m_MinimumChartSize: 4
  m_AutoUVMaxDistance: 0.5
  m_AutoUVMaxAngle: 89
  m_LightmapParameters: {fileID: 0}
  m_SortingLayerID: 0
  m_SortingLayer: 0
  m_SortingOrder: 0
--- !u!33 &958867842
MeshFilter:
  m_ObjectHideFlags: 0
  m_CorrespondingSourceObject: {fileID: 0}
  m_PrefabInstance: {fileID: 0}
  m_PrefabAsset: {fileID: 0}
  m_GameObject: {fileID: 958867838}
  m_Mesh: {fileID: 1890523476}
--- !u!4 &958867843
Transform:
  m_ObjectHideFlags: 0
  m_CorrespondingSourceObject: {fileID: 0}
  m_PrefabInstance: {fileID: 0}
  m_PrefabAsset: {fileID: 0}
  m_GameObject: {fileID: 958867838}
  m_LocalRotation: {x: 0, y: 0, z: 0, w: 1}
  m_LocalPosition: {x: 9.59, y: 0.17, z: -8.61}
  m_LocalScale: {x: 1, y: 1, z: 1}
  m_Children: []
  m_Father: {fileID: 0}
  m_RootOrder: 17
  m_LocalEulerAnglesHint: {x: 0, y: 0, z: 0}
--- !u!1 &1044236111
GameObject:
  m_ObjectHideFlags: 0
  m_CorrespondingSourceObject: {fileID: 0}
  m_PrefabInstance: {fileID: 0}
  m_PrefabAsset: {fileID: 0}
  serializedVersion: 6
  m_Component:
  - component: {fileID: 1044236114}
  - component: {fileID: 1044236113}
  - component: {fileID: 1044236112}
  m_Layer: 0
  m_Name: EventSystem
  m_TagString: Untagged
  m_Icon: {fileID: 0}
  m_NavMeshLayer: 0
  m_StaticEditorFlags: 0
  m_IsActive: 1
--- !u!114 &1044236112
MonoBehaviour:
  m_ObjectHideFlags: 0
  m_CorrespondingSourceObject: {fileID: 0}
  m_PrefabInstance: {fileID: 0}
  m_PrefabAsset: {fileID: 0}
  m_GameObject: {fileID: 1044236111}
  m_Enabled: 1
  m_EditorHideFlags: 0
  m_Script: {fileID: 11500000, guid: 4f231c4fb786f3946a6b90b886c48677, type: 3}
  m_Name: 
  m_EditorClassIdentifier: 
  m_HorizontalAxis: Horizontal
  m_VerticalAxis: Vertical
  m_SubmitButton: Submit
  m_CancelButton: Cancel
  m_InputActionsPerSecond: 10
  m_RepeatDelay: 0.5
  m_ForceModuleActive: 0
--- !u!114 &1044236113
MonoBehaviour:
  m_ObjectHideFlags: 0
  m_CorrespondingSourceObject: {fileID: 0}
  m_PrefabInstance: {fileID: 0}
  m_PrefabAsset: {fileID: 0}
  m_GameObject: {fileID: 1044236111}
  m_Enabled: 1
  m_EditorHideFlags: 0
  m_Script: {fileID: 11500000, guid: 76c392e42b5098c458856cdf6ecaaaa1, type: 3}
  m_Name: 
  m_EditorClassIdentifier: 
  m_FirstSelected: {fileID: 0}
  m_sendNavigationEvents: 1
  m_DragThreshold: 10
--- !u!4 &1044236114
Transform:
  m_ObjectHideFlags: 0
  m_CorrespondingSourceObject: {fileID: 0}
  m_PrefabInstance: {fileID: 0}
  m_PrefabAsset: {fileID: 0}
  m_GameObject: {fileID: 1044236111}
  m_LocalRotation: {x: 0, y: 0, z: 0, w: 1}
  m_LocalPosition: {x: 0, y: 0, z: 0}
  m_LocalScale: {x: 1, y: 1, z: 1}
  m_Children: []
  m_Father: {fileID: 0}
  m_RootOrder: 16
  m_LocalEulerAnglesHint: {x: 0, y: 0, z: 0}
--- !u!43 &1183173938
Mesh:
  m_ObjectHideFlags: 0
  m_CorrespondingSourceObject: {fileID: 0}
  m_PrefabInstance: {fileID: 0}
  m_PrefabAsset: {fileID: 0}
  m_Name: pb_Mesh14394
  serializedVersion: 10
  m_SubMeshes:
  - serializedVersion: 2
    firstByte: 0
    indexCount: 24
    topology: 0
    baseVertex: 0
    firstVertex: 0
    vertexCount: 17
    localAABB:
      m_Center: {x: -1, y: 0.5, z: 0}
      m_Extent: {x: 1, y: 0.5, z: 1}
  m_Shapes:
    vertices: []
    shapes: []
    channels: []
    fullWeights: []
  m_BindPose: []
  m_BoneNameHashes: 
  m_RootBoneNameHash: 0
  m_BonesAABB: []
  m_VariableBoneCountWeights:
    m_Data: 
  m_MeshCompression: 0
  m_IsReadable: 1
  m_KeepVertices: 1
  m_KeepIndices: 1
  m_IndexFormat: 0
  m_IndexBuffer: 0000010002000300040005000600070008000400090005000a000b000c0009000d0005000e000f0010000d0003000500
  m_VertexData:
    serializedVersion: 3
    m_VertexCount: 17
    m_Channels:
    - stream: 0
      offset: 0
      format: 0
      dimension: 3
    - stream: 0
      offset: 12
      format: 0
      dimension: 3
    - stream: 0
      offset: 24
      format: 0
      dimension: 4
    - stream: 0
      offset: 0
      format: 0
      dimension: 0
    - stream: 0
      offset: 40
      format: 0
      dimension: 2
    - stream: 0
      offset: 0
      format: 0
      dimension: 0
    - stream: 0
      offset: 0
      format: 0
      dimension: 0
    - stream: 0
      offset: 0
      format: 0
      dimension: 0
    - stream: 0
      offset: 0
      format: 0
      dimension: 0
    - stream: 0
      offset: 0
      format: 0
      dimension: 0
    - stream: 0
      offset: 0
      format: 0
      dimension: 0
    - stream: 0
      offset: 0
      format: 0
      dimension: 0
    - stream: 0
      offset: 0
      format: 0
      dimension: 0
    - stream: 0
      offset: 0
      format: 0
      dimension: 0
    m_DataSize: 816
    _typelessdata: 000080bf0000803f000000003acd133f3acd133f3acd133ff40435bf00000000f404353f000080bff304353f70c49c3f000080bf000000000000803f3acd133f3acd133f3acd133ff40435bf00000000f404353f000080bff304b53f000000000000000000000000000000003acd133f3acd133f3acd133ff40435bf00000000f404353f000080bf000000000000000000000000000000000000000000000000000080bf00000000000080bf0000000000000000000080bf0000000000000000000080bf000000000000803f00000000000080bf00000000000080bf0000000000000000000080bf0000803f0000803f000080bf000000000000000000000000000080bf00000000000080bf0000000000000000000080bf0000803f00000000000080bf0000803f000000003bcd13bf3acd133f3acd133ff30435bf3acd9332f50435bf000080bff304353f70c49c3f000000c0000000002ebdbbb33bcd13bf3acd133f3acd133ff30435bf3acd9332f50435bf000080bff304b53f00000000000080bf000000000000803f3bcd13bf3acd133f3acd133ff30435bf3acd9332f50435bf000080bf0000000000000000000000c0000000002ebdbbb300000000000080bf00000000000080bf0000000000000000000080bf000000402ebdbbb3000080bf0000803f000000003acd13bf3acd133f3acd13bff404353f3ccd9332f30435bf000080bff304353f70c49c3f000080bf00000000000080bf3acd13bf3acd133f3acd13bff404353f3ccd9332f30435bf000080bff304b53f00000000000000c0000000002ebdbbb33acd13bf3acd133f3acd13bff404353f3ccd9332f30435bf000080bf0000000000000000000080bf00000000000080bf00000000000080bf00000000000080bf0000000000000000000080bf0000803f000080bf000080bf0000803f000000003acd133f3acd133f3acd13bff404353f00000000f404353f000080bff304353f70c49c3f0000000000000000000000003acd133f3acd133f3acd13bff404353f00000000f404353f000080bff304b53f00000000000080bf00000000000080bf3acd133f3acd133f3acd13bff404353f00000000f404353f000080bf0000000000000000
  m_CompressedMesh:
    m_Vertices:
      m_NumItems: 0
      m_Range: 0
      m_Start: 0
      m_Data: 
      m_BitSize: 0
    m_UV:
      m_NumItems: 0
      m_Range: 0
      m_Start: 0
      m_Data: 
      m_BitSize: 0
    m_Normals:
      m_NumItems: 0
      m_Range: 0
      m_Start: 0
      m_Data: 
      m_BitSize: 0
    m_Tangents:
      m_NumItems: 0
      m_Range: 0
      m_Start: 0
      m_Data: 
      m_BitSize: 0
    m_Weights:
      m_NumItems: 0
      m_Data: 
      m_BitSize: 0
    m_NormalSigns:
      m_NumItems: 0
      m_Data: 
      m_BitSize: 0
    m_TangentSigns:
      m_NumItems: 0
      m_Data: 
      m_BitSize: 0
    m_FloatColors:
      m_NumItems: 0
      m_Range: 0
      m_Start: 0
      m_Data: 
      m_BitSize: 0
    m_BoneIndices:
      m_NumItems: 0
      m_Data: 
      m_BitSize: 0
    m_Triangles:
      m_NumItems: 0
      m_Data: 
      m_BitSize: 0
    m_UVInfo: 0
  m_LocalAABB:
    m_Center: {x: -1, y: 0.5, z: 0}
    m_Extent: {x: 1, y: 0.5, z: 1}
  m_MeshUsageFlags: 0
  m_BakedConvexCollisionMesh: 
  m_BakedTriangleCollisionMesh: 
  m_MeshMetrics[0]: 1
  m_MeshMetrics[1]: 1
  m_MeshOptimizationFlags: 1
  m_StreamData:
    offset: 0
    size: 0
    path: 
--- !u!21 &1267438847
Material:
  serializedVersion: 6
  m_ObjectHideFlags: 0
  m_CorrespondingSourceObject: {fileID: 0}
  m_PrefabInstance: {fileID: 0}
  m_PrefabAsset: {fileID: 0}
  m_Name: BoxButtonMaterial (Instance)
  m_Shader: {fileID: 46, guid: 0000000000000000f000000000000000, type: 0}
  m_ShaderKeywords: _ALPHABLEND_ON
  m_LightmapFlags: 4
  m_EnableInstancingVariants: 0
  m_DoubleSidedGI: 0
  m_CustomRenderQueue: 3000
  stringTagMap:
    RenderType: Transparent
  disabledShaderPasses: []
  m_SavedProperties:
    serializedVersion: 3
    m_TexEnvs:
    - _BumpMap:
        m_Texture: {fileID: 0}
        m_Scale: {x: 1, y: 1}
        m_Offset: {x: 0, y: 0}
    - _DetailAlbedoMap:
        m_Texture: {fileID: 0}
        m_Scale: {x: 1, y: 1}
        m_Offset: {x: 0, y: 0}
    - _DetailMask:
        m_Texture: {fileID: 0}
        m_Scale: {x: 1, y: 1}
        m_Offset: {x: 0, y: 0}
    - _DetailNormalMap:
        m_Texture: {fileID: 0}
        m_Scale: {x: 1, y: 1}
        m_Offset: {x: 0, y: 0}
    - _EmissionMap:
        m_Texture: {fileID: 0}
        m_Scale: {x: 1, y: 1}
        m_Offset: {x: 0, y: 0}
    - _MainTex:
        m_Texture: {fileID: 0}
        m_Scale: {x: 1, y: 1}
        m_Offset: {x: 0, y: 0}
    - _MetallicGlossMap:
        m_Texture: {fileID: 0}
        m_Scale: {x: 1, y: 1}
        m_Offset: {x: 0, y: 0}
    - _OcclusionMap:
        m_Texture: {fileID: 0}
        m_Scale: {x: 1, y: 1}
        m_Offset: {x: 0, y: 0}
    - _ParallaxMap:
        m_Texture: {fileID: 0}
        m_Scale: {x: 1, y: 1}
        m_Offset: {x: 0, y: 0}
    m_Floats:
    - _BumpScale: 1
    - _Cutoff: 0.5
    - _DetailNormalMapScale: 1
    - _DstBlend: 10
    - _GlossMapScale: 1
    - _Glossiness: 0.5
    - _GlossyReflections: 1
    - _Metallic: 0
    - _Mode: 2
    - _OcclusionStrength: 1
    - _Parallax: 0.02
    - _SmoothnessTextureChannel: 0
    - _SpecularHighlights: 1
    - _SrcBlend: 5
    - _UVSec: 0
    - _ZWrite: 0
    m_Colors:
    - _Color: {r: 0.75686276, g: 0, b: 0, a: 1}
    - _EmissionColor: {r: 0, g: 0, b: 0, a: 1}
--- !u!21 &1377467015
Material:
  serializedVersion: 6
  m_ObjectHideFlags: 0
  m_CorrespondingSourceObject: {fileID: 0}
  m_PrefabInstance: {fileID: 0}
  m_PrefabAsset: {fileID: 0}
  m_Name: SphereButtonMaterial (Instance)
  m_Shader: {fileID: 46, guid: 0000000000000000f000000000000000, type: 0}
  m_ShaderKeywords: _ALPHABLEND_ON
  m_LightmapFlags: 4
  m_EnableInstancingVariants: 0
  m_DoubleSidedGI: 0
  m_CustomRenderQueue: 3000
  stringTagMap:
    RenderType: Transparent
  disabledShaderPasses: []
  m_SavedProperties:
    serializedVersion: 3
    m_TexEnvs:
    - _BumpMap:
        m_Texture: {fileID: 0}
        m_Scale: {x: 1, y: 1}
        m_Offset: {x: 0, y: 0}
    - _DetailAlbedoMap:
        m_Texture: {fileID: 0}
        m_Scale: {x: 1, y: 1}
        m_Offset: {x: 0, y: 0}
    - _DetailMask:
        m_Texture: {fileID: 0}
        m_Scale: {x: 1, y: 1}
        m_Offset: {x: 0, y: 0}
    - _DetailNormalMap:
        m_Texture: {fileID: 0}
        m_Scale: {x: 1, y: 1}
        m_Offset: {x: 0, y: 0}
    - _EmissionMap:
        m_Texture: {fileID: 0}
        m_Scale: {x: 1, y: 1}
        m_Offset: {x: 0, y: 0}
    - _MainTex:
        m_Texture: {fileID: 0}
        m_Scale: {x: 1, y: 1}
        m_Offset: {x: 0, y: 0}
    - _MetallicGlossMap:
        m_Texture: {fileID: 0}
        m_Scale: {x: 1, y: 1}
        m_Offset: {x: 0, y: 0}
    - _OcclusionMap:
        m_Texture: {fileID: 0}
        m_Scale: {x: 1, y: 1}
        m_Offset: {x: 0, y: 0}
    - _ParallaxMap:
        m_Texture: {fileID: 0}
        m_Scale: {x: 1, y: 1}
        m_Offset: {x: 0, y: 0}
    - _SpecGlossMap:
        m_Texture: {fileID: 0}
        m_Scale: {x: 1, y: 1}
        m_Offset: {x: 0, y: 0}
    m_Floats:
    - _BumpScale: 1
    - _ColorMask: 15
    - _Cutoff: 0.5
    - _DetailNormalMapScale: 1
    - _DstBlend: 10
    - _GlossMapScale: 1
    - _Glossiness: 0.5
    - _GlossyReflections: 1
    - _Metallic: 0
    - _Mode: 2
    - _OcclusionStrength: 1
    - _Parallax: 0.02
    - _SmoothnessTextureChannel: 0
    - _SpecularHighlights: 1
    - _SrcBlend: 5
    - _Stencil: 0
    - _StencilComp: 8
    - _StencilOp: 0
    - _StencilReadMask: 255
    - _StencilWriteMask: 255
    - _UVSec: 0
    - _UseUIAlphaClip: 0
    - _ZWrite: 0
    m_Colors:
    - _Color: {r: 0.9056604, g: 0.8972917, b: 0.07262372, a: 1}
    - _EmissionColor: {r: 0, g: 0, b: 0, a: 1}
    - _SpecColor: {r: 0.2, g: 0.2, b: 0.2, a: 1}
--- !u!1001 &1379106874
PrefabInstance:
  m_ObjectHideFlags: 0
  serializedVersion: 2
  m_Modification:
    m_TransformParent: {fileID: 0}
    m_Modifications:
    - target: {fileID: 2119586508030006270, guid: 895555d202e592c4caf6acab9733f70f,
        type: 3}
      propertyPath: m_Name
      value: Switch (1)
      objectReference: {fileID: 0}
    - target: {fileID: 2207658290175053258, guid: 895555d202e592c4caf6acab9733f70f,
        type: 3}
      propertyPath: ShowGizmos
      value: 1
      objectReference: {fileID: 0}
    - target: {fileID: 7634708805788183019, guid: 895555d202e592c4caf6acab9733f70f,
        type: 3}
      propertyPath: m_Materials.Array.data[0]
      value: 
      objectReference: {fileID: 1377467015}
    - target: {fileID: 9191258718607016032, guid: 895555d202e592c4caf6acab9733f70f,
        type: 3}
      propertyPath: m_LocalPosition.x
      value: -11.28
      objectReference: {fileID: 0}
    - target: {fileID: 9191258718607016032, guid: 895555d202e592c4caf6acab9733f70f,
        type: 3}
      propertyPath: m_LocalPosition.y
      value: 0
      objectReference: {fileID: 0}
    - target: {fileID: 9191258718607016032, guid: 895555d202e592c4caf6acab9733f70f,
        type: 3}
      propertyPath: m_LocalPosition.z
      value: -1.56
      objectReference: {fileID: 0}
    - target: {fileID: 9191258718607016032, guid: 895555d202e592c4caf6acab9733f70f,
        type: 3}
      propertyPath: m_LocalRotation.x
      value: 0
      objectReference: {fileID: 0}
    - target: {fileID: 9191258718607016032, guid: 895555d202e592c4caf6acab9733f70f,
        type: 3}
      propertyPath: m_LocalRotation.y
      value: 0
      objectReference: {fileID: 0}
    - target: {fileID: 9191258718607016032, guid: 895555d202e592c4caf6acab9733f70f,
        type: 3}
      propertyPath: m_LocalRotation.z
      value: 0
      objectReference: {fileID: 0}
    - target: {fileID: 9191258718607016032, guid: 895555d202e592c4caf6acab9733f70f,
        type: 3}
      propertyPath: m_LocalRotation.w
      value: 1
      objectReference: {fileID: 0}
    - target: {fileID: 9191258718607016032, guid: 895555d202e592c4caf6acab9733f70f,
        type: 3}
      propertyPath: m_RootOrder
      value: 5
      objectReference: {fileID: 0}
    - target: {fileID: 9191258718607016032, guid: 895555d202e592c4caf6acab9733f70f,
        type: 3}
      propertyPath: m_LocalEulerAnglesHint.x
      value: 0
      objectReference: {fileID: 0}
    - target: {fileID: 9191258718607016032, guid: 895555d202e592c4caf6acab9733f70f,
        type: 3}
      propertyPath: m_LocalEulerAnglesHint.y
      value: 0
      objectReference: {fileID: 0}
    - target: {fileID: 9191258718607016032, guid: 895555d202e592c4caf6acab9733f70f,
        type: 3}
      propertyPath: m_LocalEulerAnglesHint.z
      value: 0
      objectReference: {fileID: 0}
    m_RemovedComponents: []
  m_SourcePrefab: {fileID: 100100000, guid: 895555d202e592c4caf6acab9733f70f, type: 3}
--- !u!1001 &1396309104
PrefabInstance:
  m_ObjectHideFlags: 0
  serializedVersion: 2
  m_Modification:
    m_TransformParent: {fileID: 0}
    m_Modifications:
    - target: {fileID: 5270587952240727564, guid: e192088795a7d8844aa69c202fb4e4ac,
        type: 3}
      propertyPath: m_Name
      value: Sphere
      objectReference: {fileID: 0}
    - target: {fileID: 6460726110918614222, guid: e192088795a7d8844aa69c202fb4e4ac,
        type: 3}
      propertyPath: m_LocalPosition.x
      value: 0.96
      objectReference: {fileID: 0}
    - target: {fileID: 6460726110918614222, guid: e192088795a7d8844aa69c202fb4e4ac,
        type: 3}
      propertyPath: m_LocalPosition.y
      value: 2.55
      objectReference: {fileID: 0}
    - target: {fileID: 6460726110918614222, guid: e192088795a7d8844aa69c202fb4e4ac,
        type: 3}
      propertyPath: m_LocalPosition.z
      value: -0.95
      objectReference: {fileID: 0}
    - target: {fileID: 6460726110918614222, guid: e192088795a7d8844aa69c202fb4e4ac,
        type: 3}
      propertyPath: m_LocalRotation.x
      value: 0
      objectReference: {fileID: 0}
    - target: {fileID: 6460726110918614222, guid: e192088795a7d8844aa69c202fb4e4ac,
        type: 3}
      propertyPath: m_LocalRotation.y
      value: 0
      objectReference: {fileID: 0}
    - target: {fileID: 6460726110918614222, guid: e192088795a7d8844aa69c202fb4e4ac,
        type: 3}
      propertyPath: m_LocalRotation.z
      value: 0
      objectReference: {fileID: 0}
    - target: {fileID: 6460726110918614222, guid: e192088795a7d8844aa69c202fb4e4ac,
        type: 3}
      propertyPath: m_LocalRotation.w
      value: 1
      objectReference: {fileID: 0}
    - target: {fileID: 6460726110918614222, guid: e192088795a7d8844aa69c202fb4e4ac,
        type: 3}
      propertyPath: m_RootOrder
      value: 1
      objectReference: {fileID: 0}
    - target: {fileID: 6460726110918614222, guid: e192088795a7d8844aa69c202fb4e4ac,
        type: 3}
      propertyPath: m_LocalEulerAnglesHint.x
      value: 0
      objectReference: {fileID: 0}
    - target: {fileID: 6460726110918614222, guid: e192088795a7d8844aa69c202fb4e4ac,
        type: 3}
      propertyPath: m_LocalEulerAnglesHint.y
      value: 0
      objectReference: {fileID: 0}
    - target: {fileID: 6460726110918614222, guid: e192088795a7d8844aa69c202fb4e4ac,
        type: 3}
      propertyPath: m_LocalEulerAnglesHint.z
      value: 0
      objectReference: {fileID: 0}
    m_RemovedComponents: []
  m_SourcePrefab: {fileID: 100100000, guid: e192088795a7d8844aa69c202fb4e4ac, type: 3}
--- !u!1 &1437528262
GameObject:
  m_ObjectHideFlags: 0
  m_CorrespondingSourceObject: {fileID: 0}
  m_PrefabInstance: {fileID: 0}
  m_PrefabAsset: {fileID: 0}
  serializedVersion: 6
  m_Component:
  - component: {fileID: 1437528263}
  - component: {fileID: 1437528266}
  - component: {fileID: 1437528265}
  - component: {fileID: 1437528264}
  m_Layer: 10
  m_Name: Cube (1)
  m_TagString: Untagged
  m_Icon: {fileID: 0}
  m_NavMeshLayer: 0
  m_StaticEditorFlags: 0
  m_IsActive: 1
--- !u!4 &1437528263
Transform:
  m_ObjectHideFlags: 0
  m_CorrespondingSourceObject: {fileID: 0}
  m_PrefabInstance: {fileID: 0}
  m_PrefabAsset: {fileID: 0}
  m_GameObject: {fileID: 1437528262}
  m_LocalRotation: {x: 0, y: 0, z: 0.5, w: 0.8660254}
  m_LocalPosition: {x: 2.781, y: 0.18, z: -1.93}
  m_LocalScale: {x: 1, y: 1, z: 1}
  m_Children: []
  m_Father: {fileID: 222753157}
  m_RootOrder: 1
  m_LocalEulerAnglesHint: {x: 0, y: 0, z: 60}
--- !u!64 &1437528264
MeshCollider:
  m_ObjectHideFlags: 0
  m_CorrespondingSourceObject: {fileID: 0}
  m_PrefabInstance: {fileID: 0}
  m_PrefabAsset: {fileID: 0}
  m_GameObject: {fileID: 1437528262}
  m_Material: {fileID: 0}
  m_IsTrigger: 0
  m_Enabled: 1
  serializedVersion: 3
  m_Convex: 0
  m_CookingOptions: 30
  m_Mesh: {fileID: 10202, guid: 0000000000000000e000000000000000, type: 0}
--- !u!23 &1437528265
MeshRenderer:
  m_ObjectHideFlags: 0
  m_CorrespondingSourceObject: {fileID: 0}
  m_PrefabInstance: {fileID: 0}
  m_PrefabAsset: {fileID: 0}
  m_GameObject: {fileID: 1437528262}
  m_Enabled: 1
  m_CastShadows: 1
  m_ReceiveShadows: 1
  m_DynamicOccludee: 1
  m_MotionVectors: 1
  m_LightProbeUsage: 1
  m_ReflectionProbeUsage: 1
  m_RayTracingMode: 2
  m_RenderingLayerMask: 1
  m_RendererPriority: 0
  m_Materials:
  - {fileID: 10303, guid: 0000000000000000f000000000000000, type: 0}
  m_StaticBatchInfo:
    firstSubMesh: 0
    subMeshCount: 0
  m_StaticBatchRoot: {fileID: 0}
  m_ProbeAnchor: {fileID: 0}
  m_LightProbeVolumeOverride: {fileID: 0}
  m_ScaleInLightmap: 1
  m_ReceiveGI: 1
  m_PreserveUVs: 0
  m_IgnoreNormalsForChartDetection: 0
  m_ImportantGI: 0
  m_StitchLightmapSeams: 1
  m_SelectedEditorRenderState: 3
  m_MinimumChartSize: 4
  m_AutoUVMaxDistance: 0.5
  m_AutoUVMaxAngle: 89
  m_LightmapParameters: {fileID: 0}
  m_SortingLayerID: 0
  m_SortingLayer: 0
  m_SortingOrder: 0
--- !u!33 &1437528266
MeshFilter:
  m_ObjectHideFlags: 0
  m_CorrespondingSourceObject: {fileID: 0}
  m_PrefabInstance: {fileID: 0}
  m_PrefabAsset: {fileID: 0}
  m_GameObject: {fileID: 1437528262}
  m_Mesh: {fileID: 10202, guid: 0000000000000000e000000000000000, type: 0}
--- !u!1 &1654667447 stripped
GameObject:
  m_CorrespondingSourceObject: {fileID: 6987584974517420268, guid: 845fd4e91fafb2149b15059faec2681b,
    type: 3}
  m_PrefabInstance: {fileID: 191725403}
  m_PrefabAsset: {fileID: 0}
--- !u!54 &1654667448
Rigidbody:
  m_ObjectHideFlags: 0
  m_CorrespondingSourceObject: {fileID: 0}
  m_PrefabInstance: {fileID: 0}
  m_PrefabAsset: {fileID: 0}
  m_GameObject: {fileID: 1654667447}
  serializedVersion: 2
  m_Mass: 1
  m_Drag: 0
  m_AngularDrag: 0.05
  m_UseGravity: 1
  m_IsKinematic: 0
  m_Interpolate: 0
  m_Constraints: 0
  m_CollisionDetection: 0
--- !u!43 &1890523476
Mesh:
  m_ObjectHideFlags: 0
  m_CorrespondingSourceObject: {fileID: 0}
  m_PrefabInstance: {fileID: 0}
  m_PrefabAsset: {fileID: 0}
  m_Name: pb_Mesh14352
  serializedVersion: 10
  m_SubMeshes:
  - serializedVersion: 2
    firstByte: 0
    indexCount: 36
    topology: 0
    baseVertex: 0
    firstVertex: 0
    vertexCount: 24
    localAABB:
      m_Center: {x: 1.5, y: 0.2128036, z: -1.5297014}
      m_Extent: {x: 1.5, y: 0.49808788, z: 1.6299242}
  m_Shapes:
    vertices: []
    shapes: []
    channels: []
    fullWeights: []
  m_BindPose: []
  m_BoneNameHashes: 
  m_RootBoneNameHash: 0
  m_BonesAABB: []
  m_VariableBoneCountWeights:
    m_Data: 
  m_MeshCompression: 0
  m_IsReadable: 1
  m_KeepVertices: 1
  m_KeepIndices: 1
  m_IndexFormat: 0
  m_IndexBuffer: 000001000200010003000200040005000600050007000600080009000a0009000b000a000c000d000e000d000f000e00100011001200110013001200140015001600150017001600
  m_VertexData:
    serializedVersion: 3
    m_VertexCount: 24
    m_Channels:
    - stream: 0
      offset: 0
      format: 0
      dimension: 3
    - stream: 0
      offset: 12
      format: 0
      dimension: 3
    - stream: 0
      offset: 24
      format: 0
      dimension: 4
    - stream: 0
      offset: 0
      format: 0
      dimension: 0
    - stream: 0
      offset: 40
      format: 0
      dimension: 2
    - stream: 0
      offset: 0
      format: 0
      dimension: 0
    - stream: 0
      offset: 0
      format: 0
      dimension: 0
    - stream: 0
      offset: 0
      format: 0
      dimension: 0
    - stream: 0
      offset: 0
      format: 0
      dimension: 0
    - stream: 0
      offset: 0
      format: 0
      dimension: 0
    - stream: 0
      offset: 0
      format: 0
      dimension: 0
    - stream: 0
      offset: 0
      format: 0
      dimension: 0
    - stream: 0
      offset: 0
      format: 0
      dimension: 0
    - stream: 0
      offset: 0
      format: 0
      dimension: 0
    m_DataSize: 1152
    _typelessdata: 00000000c81092be0089523cf9054e3ce0ecb2bd35007f3fc8fa7fbf6cb333b06cd04e3c000080bfa5152a39aaee90be000040400000000000000000f905ce3b196ae8bd3b3f7e3fa7fe7fbf54340f3a287cd13b000080bf15fc3fc06cd2583b00000000fcfc353fa041cd3df905ce3b196ae8bd3b3f7e3fa7fe7fbf54340f3a287cd13b000080bfead1a53aa288373f00004040fcfc353fa041cd3d00000000a9f30ebe417e7d3ff6ff7fbf08558f3a6ea82139000080bf5be73fc07561383f0000404000000000000000000000803f000000000000000000000000000000000000803f000080bf000000000000000000004040122e84be4e374ac000000000000000000000000000000000000000000000803f000080bf4e374ac0122e84be00004040fcfc353fa041cd3d00000000000000000000000000000000000000000000803f000080bfa041cd3dfcfc353f000040407048ac3cb5c30cc0000080bf000000000000000000000000000000000000803f0000803fb5c30cc07048ac3c00004040122e84be4e374ac0272b3bbb66d1753f5af48ebeb6ff7f3fa8eb423b0947cc31000080bf34f33f4059f246c000000000016588be5c104ac0272bbbbafc81753fee0e91beeaff7f3f2091d23ada81d039000080bf2bb44fbacac946c0000040407048ac3cb5c30cc0272bbbbafc81753fee0e91beeaff7f3f2091d23ada81d039000080bfcf00404034f306c0000000007048ac3cb5c30cc0000000009132753f812993befcff7f3f13497a396882503a000080bf782d833863ca06c000000000016588be5c104ac0000080bf00000000000000000000000000000000000080bf000080bf5c104a40016588be00000000c81092be0089523c000080bf00000000000000000000000000000000000080bf000080bf008952bcc81092be000000007048ac3cb5c30cc0000080bf00000000000000000000000000000000000080bf000080bfb5c30c407048ac3c00000000fcfc353fa041cd3d000080bf00000000000000000000000000000000000080bf000080bfa041cdbdfcfc353f00000000fcfc353fa041cd3d000000006734753f481d93be0000803f0000000000000000000080bf0000000089bb993e00004040fcfc353fa041cd3d000000006734753f481d93be0000803f0000000000000000000080bf0000404089bb993e000000007048ac3cb5c30cc0000000006734753f481d93be0000803f0000000000000000000080bf000000001b7106c0000040407048ac3cb5c30cc0000000006734753f481d93be0000803f0000000000000000000080bf000040401b7106c000000000016588be5c104ac04f82333b98fe7fbf853dc3bbc1ff7fbf1d8333bba7968cb3000080bff8483f3a6ff549c000004040122e84be4e374ac0428e473db0ff7ebf13d4193db6b17fbfc32448bd646094b9000080bf3bf43fc0621c4ac000000000c81092be0089523c428e473db0ff7ebf13d4193db6b17fbfc32448bd646094b9000080bf18d94c3a7c616e3c00004040000000000000000030f2c13dc7007ebfeb07a63d3ad77ebf81adc2bd6b3610ba000080bfd1ff3fc0045c4d38
  m_CompressedMesh:
    m_Vertices:
      m_NumItems: 0
      m_Range: 0
      m_Start: 0
      m_Data: 
      m_BitSize: 0
    m_UV:
      m_NumItems: 0
      m_Range: 0
      m_Start: 0
      m_Data: 
      m_BitSize: 0
    m_Normals:
      m_NumItems: 0
      m_Range: 0
      m_Start: 0
      m_Data: 
      m_BitSize: 0
    m_Tangents:
      m_NumItems: 0
      m_Range: 0
      m_Start: 0
      m_Data: 
      m_BitSize: 0
    m_Weights:
      m_NumItems: 0
      m_Data: 
      m_BitSize: 0
    m_NormalSigns:
      m_NumItems: 0
      m_Data: 
      m_BitSize: 0
    m_TangentSigns:
      m_NumItems: 0
      m_Data: 
      m_BitSize: 0
    m_FloatColors:
      m_NumItems: 0
      m_Range: 0
      m_Start: 0
      m_Data: 
      m_BitSize: 0
    m_BoneIndices:
      m_NumItems: 0
      m_Data: 
      m_BitSize: 0
    m_Triangles:
      m_NumItems: 0
      m_Data: 
      m_BitSize: 0
    m_UVInfo: 0
  m_LocalAABB:
    m_Center: {x: 1.5, y: 0.2128036, z: -1.5297014}
    m_Extent: {x: 1.5, y: 0.49808788, z: 1.6299242}
  m_MeshUsageFlags: 0
  m_BakedConvexCollisionMesh: 
  m_BakedTriangleCollisionMesh: 
  m_MeshMetrics[0]: 1
  m_MeshMetrics[1]: 1
  m_MeshOptimizationFlags: 1
  m_StreamData:
    offset: 0
    size: 0
    path: 
--- !u!114 &1942183778 stripped
MonoBehaviour:
  m_CorrespondingSourceObject: {fileID: 2207658290175053258, guid: 895555d202e592c4caf6acab9733f70f,
    type: 3}
  m_PrefabInstance: {fileID: 1379106874}
  m_PrefabAsset: {fileID: 0}
  m_GameObject: {fileID: 0}
  m_Enabled: 1
  m_EditorHideFlags: 0
  m_Script: {fileID: 11500000, guid: 03700d9930a30e64e927e892e8442af3, type: 3}
  m_Name: 
  m_EditorClassIdentifier: 
--- !u!1001 &1981071300
PrefabInstance:
  m_ObjectHideFlags: 0
  serializedVersion: 2
  m_Modification:
    m_TransformParent: {fileID: 0}
    m_Modifications:
    - target: {fileID: 2119586508030006270, guid: 895555d202e592c4caf6acab9733f70f,
        type: 3}
      propertyPath: m_Name
      value: Switch (2)
      objectReference: {fileID: 0}
    - target: {fileID: 2207658290175053258, guid: 895555d202e592c4caf6acab9733f70f,
        type: 3}
      propertyPath: ShowGizmos
      value: 1
      objectReference: {fileID: 0}
    - target: {fileID: 7634708805788183019, guid: 895555d202e592c4caf6acab9733f70f,
        type: 3}
      propertyPath: m_Materials.Array.data[0]
      value: 
      objectReference: {fileID: 2100000, guid: fa1cca6ff058f644198dd840d37aa685, type: 2}
    - target: {fileID: 9191258718607016032, guid: 895555d202e592c4caf6acab9733f70f,
        type: 3}
      propertyPath: m_LocalPosition.x
      value: -10.7
      objectReference: {fileID: 0}
    - target: {fileID: 9191258718607016032, guid: 895555d202e592c4caf6acab9733f70f,
        type: 3}
      propertyPath: m_LocalPosition.y
      value: 0.0837177
      objectReference: {fileID: 0}
    - target: {fileID: 9191258718607016032, guid: 895555d202e592c4caf6acab9733f70f,
        type: 3}
      propertyPath: m_LocalPosition.z
      value: -16.56
      objectReference: {fileID: 0}
    - target: {fileID: 9191258718607016032, guid: 895555d202e592c4caf6acab9733f70f,
        type: 3}
      propertyPath: m_LocalRotation.x
      value: 0
      objectReference: {fileID: 0}
    - target: {fileID: 9191258718607016032, guid: 895555d202e592c4caf6acab9733f70f,
        type: 3}
      propertyPath: m_LocalRotation.y
      value: 0
      objectReference: {fileID: 0}
    - target: {fileID: 9191258718607016032, guid: 895555d202e592c4caf6acab9733f70f,
        type: 3}
      propertyPath: m_LocalRotation.z
      value: 0
      objectReference: {fileID: 0}
    - target: {fileID: 9191258718607016032, guid: 895555d202e592c4caf6acab9733f70f,
        type: 3}
      propertyPath: m_LocalRotation.w
      value: 1
      objectReference: {fileID: 0}
    - target: {fileID: 9191258718607016032, guid: 895555d202e592c4caf6acab9733f70f,
        type: 3}
      propertyPath: m_RootOrder
      value: 4
      objectReference: {fileID: 0}
    - target: {fileID: 9191258718607016032, guid: 895555d202e592c4caf6acab9733f70f,
        type: 3}
      propertyPath: m_LocalEulerAnglesHint.x
      value: 0
      objectReference: {fileID: 0}
    - target: {fileID: 9191258718607016032, guid: 895555d202e592c4caf6acab9733f70f,
        type: 3}
      propertyPath: m_LocalEulerAnglesHint.y
      value: 0
      objectReference: {fileID: 0}
    - target: {fileID: 9191258718607016032, guid: 895555d202e592c4caf6acab9733f70f,
        type: 3}
      propertyPath: m_LocalEulerAnglesHint.z
      value: 0
      objectReference: {fileID: 0}
    m_RemovedComponents: []
  m_SourcePrefab: {fileID: 100100000, guid: 895555d202e592c4caf6acab9733f70f, type: 3}
--- !u!114 &2033539715 stripped
MonoBehaviour:
  m_CorrespondingSourceObject: {fileID: 2207658290175053258, guid: 895555d202e592c4caf6acab9733f70f,
    type: 3}
  m_PrefabInstance: {fileID: 488430851}
  m_PrefabAsset: {fileID: 0}
  m_GameObject: {fileID: 0}
  m_Enabled: 1
  m_EditorHideFlags: 0
  m_Script: {fileID: 11500000, guid: 03700d9930a30e64e927e892e8442af3, type: 3}
  m_Name: 
  m_EditorClassIdentifier: 
--- !u!1001 &231222043235059255
PrefabInstance:
  m_ObjectHideFlags: 0
  serializedVersion: 2
  m_Modification:
    m_TransformParent: {fileID: 0}
    m_Modifications:
    - target: {fileID: 231222043506886215, guid: 75c8d5dd6597171479e9278b1fc5e6b7,
        type: 3}
      propertyPath: m_LocalPosition.x
      value: -3.4006
      objectReference: {fileID: 0}
    - target: {fileID: 231222043506886215, guid: 75c8d5dd6597171479e9278b1fc5e6b7,
        type: 3}
      propertyPath: m_LocalPosition.y
      value: -0.34477
      objectReference: {fileID: 0}
    - target: {fileID: 231222043955515666, guid: 75c8d5dd6597171479e9278b1fc5e6b7,
        type: 3}
      propertyPath: m_LocalPosition.x
      value: -0.041137
      objectReference: {fileID: 0}
    - target: {fileID: 231222043955515666, guid: 75c8d5dd6597171479e9278b1fc5e6b7,
        type: 3}
      propertyPath: m_LocalPosition.y
      value: -0.34477
      objectReference: {fileID: 0}
    - target: {fileID: 231222043955515666, guid: 75c8d5dd6597171479e9278b1fc5e6b7,
        type: 3}
      propertyPath: m_LocalPosition.z
      value: -0.06398511
      objectReference: {fileID: 0}
    - target: {fileID: 231222044082839266, guid: 75c8d5dd6597171479e9278b1fc5e6b7,
        type: 3}
      propertyPath: m_LocalPosition.x
      value: -3.1991115
      objectReference: {fileID: 0}
    - target: {fileID: 231222044082839266, guid: 75c8d5dd6597171479e9278b1fc5e6b7,
        type: 3}
      propertyPath: m_LocalPosition.y
      value: 2.4750164
      objectReference: {fileID: 0}
    - target: {fileID: 231222044082839266, guid: 75c8d5dd6597171479e9278b1fc5e6b7,
        type: 3}
      propertyPath: m_LocalPosition.z
      value: -3.9834735
      objectReference: {fileID: 0}
    - target: {fileID: 231222044082839266, guid: 75c8d5dd6597171479e9278b1fc5e6b7,
        type: 3}
      propertyPath: m_LocalRotation.x
      value: 0
      objectReference: {fileID: 0}
    - target: {fileID: 231222044082839266, guid: 75c8d5dd6597171479e9278b1fc5e6b7,
        type: 3}
      propertyPath: m_LocalRotation.y
      value: 0
      objectReference: {fileID: 0}
    - target: {fileID: 231222044082839266, guid: 75c8d5dd6597171479e9278b1fc5e6b7,
        type: 3}
      propertyPath: m_LocalRotation.z
      value: 0
      objectReference: {fileID: 0}
    - target: {fileID: 231222044082839266, guid: 75c8d5dd6597171479e9278b1fc5e6b7,
        type: 3}
      propertyPath: m_LocalRotation.w
      value: 1
      objectReference: {fileID: 0}
    - target: {fileID: 231222044082839266, guid: 75c8d5dd6597171479e9278b1fc5e6b7,
        type: 3}
      propertyPath: m_RootOrder
      value: 7
      objectReference: {fileID: 0}
    - target: {fileID: 231222044082839266, guid: 75c8d5dd6597171479e9278b1fc5e6b7,
        type: 3}
      propertyPath: m_LocalEulerAnglesHint.x
      value: 0
      objectReference: {fileID: 0}
    - target: {fileID: 231222044082839266, guid: 75c8d5dd6597171479e9278b1fc5e6b7,
        type: 3}
      propertyPath: m_LocalEulerAnglesHint.y
      value: 0
      objectReference: {fileID: 0}
    - target: {fileID: 231222044082839266, guid: 75c8d5dd6597171479e9278b1fc5e6b7,
        type: 3}
      propertyPath: m_LocalEulerAnglesHint.z
      value: 0
      objectReference: {fileID: 0}
    - target: {fileID: 231222044082839267, guid: 75c8d5dd6597171479e9278b1fc5e6b7,
        type: 3}
      propertyPath: m_Name
      value: arch
      objectReference: {fileID: 0}
    m_RemovedComponents: []
  m_SourcePrefab: {fileID: 100100000, guid: 75c8d5dd6597171479e9278b1fc5e6b7, type: 3}
--- !u!1001 &1476061642017504500
PrefabInstance:
  m_ObjectHideFlags: 0
  serializedVersion: 2
  m_Modification:
    m_TransformParent: {fileID: 0}
    m_Modifications:
    - target: {fileID: 1476061641954432933, guid: 9d5ed7746e8d88040bee209821424dc3,
        type: 3}
      propertyPath: m_LocalPosition.x
      value: 0
      objectReference: {fileID: 0}
    - target: {fileID: 1476061641954432933, guid: 9d5ed7746e8d88040bee209821424dc3,
        type: 3}
      propertyPath: m_LocalPosition.y
      value: 0
      objectReference: {fileID: 0}
    - target: {fileID: 1476061641954432933, guid: 9d5ed7746e8d88040bee209821424dc3,
        type: 3}
      propertyPath: m_LocalPosition.z
      value: 0
      objectReference: {fileID: 0}
    - target: {fileID: 1476061641954432933, guid: 9d5ed7746e8d88040bee209821424dc3,
        type: 3}
      propertyPath: m_LocalRotation.x
      value: 0
      objectReference: {fileID: 0}
    - target: {fileID: 1476061641954432933, guid: 9d5ed7746e8d88040bee209821424dc3,
        type: 3}
      propertyPath: m_LocalRotation.y
      value: 0
      objectReference: {fileID: 0}
    - target: {fileID: 1476061641954432933, guid: 9d5ed7746e8d88040bee209821424dc3,
        type: 3}
      propertyPath: m_LocalRotation.z
      value: 0
      objectReference: {fileID: 0}
    - target: {fileID: 1476061641954432933, guid: 9d5ed7746e8d88040bee209821424dc3,
        type: 3}
      propertyPath: m_LocalRotation.w
      value: 1
      objectReference: {fileID: 0}
    - target: {fileID: 1476061641954432933, guid: 9d5ed7746e8d88040bee209821424dc3,
        type: 3}
      propertyPath: m_RootOrder
      value: 15
      objectReference: {fileID: 0}
    - target: {fileID: 1476061641954432933, guid: 9d5ed7746e8d88040bee209821424dc3,
        type: 3}
      propertyPath: m_LocalEulerAnglesHint.x
      value: 0
      objectReference: {fileID: 0}
    - target: {fileID: 1476061641954432933, guid: 9d5ed7746e8d88040bee209821424dc3,
        type: 3}
      propertyPath: m_LocalEulerAnglesHint.y
      value: 0
      objectReference: {fileID: 0}
    - target: {fileID: 1476061641954432933, guid: 9d5ed7746e8d88040bee209821424dc3,
        type: 3}
      propertyPath: m_LocalEulerAnglesHint.z
      value: 0
      objectReference: {fileID: 0}
    - target: {fileID: 1476061641954432933, guid: 9d5ed7746e8d88040bee209821424dc3,
        type: 3}
      propertyPath: m_AnchoredPosition.x
      value: 0
      objectReference: {fileID: 0}
    - target: {fileID: 1476061641954432933, guid: 9d5ed7746e8d88040bee209821424dc3,
        type: 3}
      propertyPath: m_AnchoredPosition.y
      value: 0
      objectReference: {fileID: 0}
    - target: {fileID: 1476061641954432933, guid: 9d5ed7746e8d88040bee209821424dc3,
        type: 3}
      propertyPath: m_SizeDelta.x
      value: 0
      objectReference: {fileID: 0}
    - target: {fileID: 1476061641954432933, guid: 9d5ed7746e8d88040bee209821424dc3,
        type: 3}
      propertyPath: m_SizeDelta.y
      value: 0
      objectReference: {fileID: 0}
    - target: {fileID: 1476061641954432933, guid: 9d5ed7746e8d88040bee209821424dc3,
        type: 3}
      propertyPath: m_AnchorMin.x
      value: 0
      objectReference: {fileID: 0}
    - target: {fileID: 1476061641954432933, guid: 9d5ed7746e8d88040bee209821424dc3,
        type: 3}
      propertyPath: m_AnchorMin.y
      value: 0
      objectReference: {fileID: 0}
    - target: {fileID: 1476061641954432933, guid: 9d5ed7746e8d88040bee209821424dc3,
        type: 3}
      propertyPath: m_AnchorMax.x
      value: 0
      objectReference: {fileID: 0}
    - target: {fileID: 1476061641954432933, guid: 9d5ed7746e8d88040bee209821424dc3,
        type: 3}
      propertyPath: m_AnchorMax.y
      value: 0
      objectReference: {fileID: 0}
    - target: {fileID: 1476061641954432933, guid: 9d5ed7746e8d88040bee209821424dc3,
        type: 3}
      propertyPath: m_Pivot.x
      value: 0
      objectReference: {fileID: 0}
    - target: {fileID: 1476061641954432933, guid: 9d5ed7746e8d88040bee209821424dc3,
        type: 3}
      propertyPath: m_Pivot.y
      value: 0
      objectReference: {fileID: 0}
    - target: {fileID: 1476061641954432953, guid: 9d5ed7746e8d88040bee209821424dc3,
        type: 3}
      propertyPath: m_Name
      value: Canvas
      objectReference: {fileID: 0}
    m_RemovedComponents: []
  m_SourcePrefab: {fileID: 100100000, guid: 9d5ed7746e8d88040bee209821424dc3, type: 3}
--- !u!1001 &2303244335408979819
PrefabInstance:
  m_ObjectHideFlags: 0
  serializedVersion: 2
  m_Modification:
    m_TransformParent: {fileID: 0}
    m_Modifications:
    - target: {fileID: 2303244335388827264, guid: aac1532b234d6d443b003f19520be17b,
        type: 3}
      propertyPath: objectParent
      value: 
      objectReference: {fileID: 182589168}
    - target: {fileID: 2303244335388827264, guid: aac1532b234d6d443b003f19520be17b,
        type: 3}
      propertyPath: PrefabToSpawn
      value: 
      objectReference: {fileID: 5270587952240727564, guid: e192088795a7d8844aa69c202fb4e4ac,
        type: 3}
    - target: {fileID: 2303244335388827264, guid: aac1532b234d6d443b003f19520be17b,
        type: 3}
      propertyPath: ObjectParent
      value: 
      objectReference: {fileID: 182589168}
    - target: {fileID: 2303244335388827264, guid: aac1532b234d6d443b003f19520be17b,
        type: 3}
      propertyPath: SpawnLocationOffset.x
      value: 5.67
      objectReference: {fileID: 0}
    - target: {fileID: 2303244335388827264, guid: aac1532b234d6d443b003f19520be17b,
        type: 3}
      propertyPath: SpawnLocationOffset.z
      value: -3.89
      objectReference: {fileID: 0}
    - target: {fileID: 2303244335388827264, guid: aac1532b234d6d443b003f19520be17b,
        type: 3}
      propertyPath: _maxObjects
      value: 5
      objectReference: {fileID: 0}
    - target: {fileID: 2303244335388827264, guid: aac1532b234d6d443b003f19520be17b,
        type: 3}
      propertyPath: Alpha
      value: 0
      objectReference: {fileID: 0}
    - target: {fileID: 2303244335388827264, guid: aac1532b234d6d443b003f19520be17b,
        type: 3}
      propertyPath: FadeTime
      value: 3
      objectReference: {fileID: 0}
    - target: {fileID: 2303244335388827264, guid: aac1532b234d6d443b003f19520be17b,
        type: 3}
      propertyPath: Switch
      value: 
      objectReference: {fileID: 1942183778}
    - target: {fileID: 2303244335388827265, guid: aac1532b234d6d443b003f19520be17b,
        type: 3}
      propertyPath: m_Name
      value: SphereButtonParent
      objectReference: {fileID: 0}
    - target: {fileID: 2303244335388827268, guid: aac1532b234d6d443b003f19520be17b,
        type: 3}
      propertyPath: m_LocalPosition.x
      value: -13.37
      objectReference: {fileID: 0}
    - target: {fileID: 2303244335388827268, guid: aac1532b234d6d443b003f19520be17b,
        type: 3}
      propertyPath: m_LocalPosition.y
      value: 1.7949367
      objectReference: {fileID: 0}
    - target: {fileID: 2303244335388827268, guid: aac1532b234d6d443b003f19520be17b,
        type: 3}
      propertyPath: m_LocalPosition.z
      value: -0.12
      objectReference: {fileID: 0}
    - target: {fileID: 2303244335388827268, guid: aac1532b234d6d443b003f19520be17b,
        type: 3}
      propertyPath: m_LocalRotation.x
      value: -0
      objectReference: {fileID: 0}
    - target: {fileID: 2303244335388827268, guid: aac1532b234d6d443b003f19520be17b,
        type: 3}
      propertyPath: m_LocalRotation.y
      value: -0
      objectReference: {fileID: 0}
    - target: {fileID: 2303244335388827268, guid: aac1532b234d6d443b003f19520be17b,
        type: 3}
      propertyPath: m_LocalRotation.z
      value: -0
      objectReference: {fileID: 0}
    - target: {fileID: 2303244335388827268, guid: aac1532b234d6d443b003f19520be17b,
        type: 3}
      propertyPath: m_LocalRotation.w
      value: 1
      objectReference: {fileID: 0}
    - target: {fileID: 2303244335388827268, guid: aac1532b234d6d443b003f19520be17b,
        type: 3}
      propertyPath: m_RootOrder
      value: 11
      objectReference: {fileID: 0}
    - target: {fileID: 2303244335388827268, guid: aac1532b234d6d443b003f19520be17b,
        type: 3}
      propertyPath: m_LocalEulerAnglesHint.x
      value: 0
      objectReference: {fileID: 0}
    - target: {fileID: 2303244335388827268, guid: aac1532b234d6d443b003f19520be17b,
        type: 3}
      propertyPath: m_LocalEulerAnglesHint.y
      value: 0
      objectReference: {fileID: 0}
    - target: {fileID: 2303244335388827268, guid: aac1532b234d6d443b003f19520be17b,
        type: 3}
      propertyPath: m_LocalEulerAnglesHint.z
      value: 0
      objectReference: {fileID: 0}
    m_RemovedComponents: []
  m_SourcePrefab: {fileID: 100100000, guid: aac1532b234d6d443b003f19520be17b, type: 3}
--- !u!1001 &3571642350470329997
PrefabInstance:
  m_ObjectHideFlags: 0
  serializedVersion: 2
  m_Modification:
    m_TransformParent: {fileID: 0}
    m_Modifications:
    - target: {fileID: 3571642350628199417, guid: 879c5cb635fca5045861b1dcaae12cee,
        type: 3}
      propertyPath: m_LocalPosition.x
      value: -0.44399998
      objectReference: {fileID: 0}
    - target: {fileID: 3571642350628199417, guid: 879c5cb635fca5045861b1dcaae12cee,
        type: 3}
      propertyPath: m_LocalPosition.y
      value: 2.613
      objectReference: {fileID: 0}
    - target: {fileID: 3571642350628199417, guid: 879c5cb635fca5045861b1dcaae12cee,
        type: 3}
      propertyPath: m_LocalPosition.z
      value: 11.76
      objectReference: {fileID: 0}
    - target: {fileID: 3571642350628199417, guid: 879c5cb635fca5045861b1dcaae12cee,
        type: 3}
      propertyPath: m_LocalRotation.x
      value: -0
      objectReference: {fileID: 0}
    - target: {fileID: 3571642350628199417, guid: 879c5cb635fca5045861b1dcaae12cee,
        type: 3}
      propertyPath: m_LocalRotation.y
      value: 0.996136
      objectReference: {fileID: 0}
    - target: {fileID: 3571642350628199417, guid: 879c5cb635fca5045861b1dcaae12cee,
        type: 3}
      propertyPath: m_LocalRotation.z
      value: -0.08782511
      objectReference: {fileID: 0}
    - target: {fileID: 3571642350628199417, guid: 879c5cb635fca5045861b1dcaae12cee,
        type: 3}
      propertyPath: m_LocalRotation.w
      value: 0
      objectReference: {fileID: 0}
    - target: {fileID: 3571642350628199417, guid: 879c5cb635fca5045861b1dcaae12cee,
        type: 3}
      propertyPath: m_RootOrder
      value: 8
      objectReference: {fileID: 0}
    - target: {fileID: 3571642350628199417, guid: 879c5cb635fca5045861b1dcaae12cee,
        type: 3}
      propertyPath: m_LocalEulerAnglesHint.x
      value: 10.077001
      objectReference: {fileID: 0}
    - target: {fileID: 3571642350628199417, guid: 879c5cb635fca5045861b1dcaae12cee,
        type: 3}
      propertyPath: m_LocalEulerAnglesHint.y
      value: 0
      objectReference: {fileID: 0}
    - target: {fileID: 3571642350628199417, guid: 879c5cb635fca5045861b1dcaae12cee,
        type: 3}
      propertyPath: m_LocalEulerAnglesHint.z
      value: 0
      objectReference: {fileID: 0}
    - target: {fileID: 3571642350628199420, guid: 879c5cb635fca5045861b1dcaae12cee,
        type: 3}
      propertyPath: m_Name
      value: Main Camera
      objectReference: {fileID: 0}
    m_RemovedComponents: []
  m_SourcePrefab: {fileID: 100100000, guid: 879c5cb635fca5045861b1dcaae12cee, type: 3}
--- !u!1001 &5095024539154832565
PrefabInstance:
  m_ObjectHideFlags: 0
  serializedVersion: 2
  m_Modification:
    m_TransformParent: {fileID: 0}
    m_Modifications:
    - target: {fileID: 5095024537997734744, guid: 9ba7becfe6111914582371932ec565b3,
        type: 3}
      propertyPath: m_LocalPosition.x
      value: 3.22
      objectReference: {fileID: 0}
    - target: {fileID: 5095024537997734744, guid: 9ba7becfe6111914582371932ec565b3,
        type: 3}
      propertyPath: m_LocalPosition.y
      value: 3.359
      objectReference: {fileID: 0}
    - target: {fileID: 5095024537997734744, guid: 9ba7becfe6111914582371932ec565b3,
        type: 3}
      propertyPath: m_LocalPosition.z
      value: -8.48
      objectReference: {fileID: 0}
    - target: {fileID: 5095024537997734744, guid: 9ba7becfe6111914582371932ec565b3,
        type: 3}
      propertyPath: m_LocalRotation.x
      value: 0
      objectReference: {fileID: 0}
    - target: {fileID: 5095024537997734744, guid: 9ba7becfe6111914582371932ec565b3,
        type: 3}
      propertyPath: m_LocalRotation.y
      value: 1
      objectReference: {fileID: 0}
    - target: {fileID: 5095024537997734744, guid: 9ba7becfe6111914582371932ec565b3,
        type: 3}
      propertyPath: m_LocalRotation.z
      value: 0
      objectReference: {fileID: 0}
    - target: {fileID: 5095024537997734744, guid: 9ba7becfe6111914582371932ec565b3,
        type: 3}
      propertyPath: m_LocalRotation.w
      value: 0
      objectReference: {fileID: 0}
    - target: {fileID: 5095024537997734744, guid: 9ba7becfe6111914582371932ec565b3,
        type: 3}
      propertyPath: m_RootOrder
      value: 12
      objectReference: {fileID: 0}
    - target: {fileID: 5095024537997734744, guid: 9ba7becfe6111914582371932ec565b3,
        type: 3}
      propertyPath: m_LocalEulerAnglesHint.x
      value: 0
      objectReference: {fileID: 0}
    - target: {fileID: 5095024537997734744, guid: 9ba7becfe6111914582371932ec565b3,
        type: 3}
      propertyPath: m_LocalEulerAnglesHint.y
      value: 180
      objectReference: {fileID: 0}
    - target: {fileID: 5095024537997734744, guid: 9ba7becfe6111914582371932ec565b3,
        type: 3}
      propertyPath: m_LocalEulerAnglesHint.z
      value: 0
      objectReference: {fileID: 0}
    - target: {fileID: 5095024537997734747, guid: 9ba7becfe6111914582371932ec565b3,
        type: 3}
      propertyPath: EventManager
      value: 
      objectReference: {fileID: 0}
    - target: {fileID: 5095024537997734748, guid: 9ba7becfe6111914582371932ec565b3,
        type: 3}
      propertyPath: m_Name
      value: Player
      objectReference: {fileID: 0}
    m_RemovedComponents: []
  m_SourcePrefab: {fileID: 100100000, guid: 9ba7becfe6111914582371932ec565b3, type: 3}
--- !u!1001 &6065644711408085339
PrefabInstance:
  m_ObjectHideFlags: 0
  serializedVersion: 2
  m_Modification:
    m_TransformParent: {fileID: 0}
    m_Modifications:
    - target: {fileID: 6065644711354609891, guid: 3c9a14c27b55df04cb7a45fd3f706ac2,
        type: 3}
      propertyPath: m_Name
      value: BoxButtonParent
      objectReference: {fileID: 0}
    - target: {fileID: 6065644711354609894, guid: 3c9a14c27b55df04cb7a45fd3f706ac2,
        type: 3}
      propertyPath: objectParent
      value: 
      objectReference: {fileID: 182589168}
    - target: {fileID: 6065644711354609894, guid: 3c9a14c27b55df04cb7a45fd3f706ac2,
        type: 3}
      propertyPath: ObjectParent
      value: 
      objectReference: {fileID: 182589168}
    - target: {fileID: 6065644711354609894, guid: 3c9a14c27b55df04cb7a45fd3f706ac2,
        type: 3}
      propertyPath: PrefabToSpawn
      value: 
      objectReference: {fileID: 8264323819444089137, guid: 2c8fe2cdae0c97c42a7d8e1d41cfef84,
        type: 3}
    - target: {fileID: 6065644711354609894, guid: 3c9a14c27b55df04cb7a45fd3f706ac2,
        type: 3}
      propertyPath: SpawnLocationOffset.x
      value: 0
      objectReference: {fileID: 0}
    - target: {fileID: 6065644711354609894, guid: 3c9a14c27b55df04cb7a45fd3f706ac2,
        type: 3}
      propertyPath: SpawnLocationOffset.z
      value: -3.86
      objectReference: {fileID: 0}
    - target: {fileID: 6065644711354609894, guid: 3c9a14c27b55df04cb7a45fd3f706ac2,
        type: 3}
      propertyPath: _maxObjects
      value: 2
      objectReference: {fileID: 0}
    - target: {fileID: 6065644711354609894, guid: 3c9a14c27b55df04cb7a45fd3f706ac2,
        type: 3}
      propertyPath: Alpha
      value: 1
      objectReference: {fileID: 0}
    - target: {fileID: 6065644711354609894, guid: 3c9a14c27b55df04cb7a45fd3f706ac2,
        type: 3}
      propertyPath: FadeTime
      value: 3
      objectReference: {fileID: 0}
    - target: {fileID: 6065644711354609894, guid: 3c9a14c27b55df04cb7a45fd3f706ac2,
        type: 3}
      propertyPath: Switch
      value: 
      objectReference: {fileID: 431356274}
    - target: {fileID: 6065644711354609895, guid: 3c9a14c27b55df04cb7a45fd3f706ac2,
        type: 3}
      propertyPath: m_LocalPosition.x
      value: -4.795
      objectReference: {fileID: 0}
    - target: {fileID: 6065644711354609895, guid: 3c9a14c27b55df04cb7a45fd3f706ac2,
        type: 3}
      propertyPath: m_LocalPosition.y
      value: 1.7949367
      objectReference: {fileID: 0}
    - target: {fileID: 6065644711354609895, guid: 3c9a14c27b55df04cb7a45fd3f706ac2,
        type: 3}
      propertyPath: m_LocalPosition.z
      value: 9.021
      objectReference: {fileID: 0}
    - target: {fileID: 6065644711354609895, guid: 3c9a14c27b55df04cb7a45fd3f706ac2,
        type: 3}
      propertyPath: m_LocalRotation.x
      value: -0
      objectReference: {fileID: 0}
    - target: {fileID: 6065644711354609895, guid: 3c9a14c27b55df04cb7a45fd3f706ac2,
        type: 3}
      propertyPath: m_LocalRotation.y
      value: -0
      objectReference: {fileID: 0}
    - target: {fileID: 6065644711354609895, guid: 3c9a14c27b55df04cb7a45fd3f706ac2,
        type: 3}
      propertyPath: m_LocalRotation.z
      value: -0
      objectReference: {fileID: 0}
    - target: {fileID: 6065644711354609895, guid: 3c9a14c27b55df04cb7a45fd3f706ac2,
        type: 3}
      propertyPath: m_LocalRotation.w
      value: 1
      objectReference: {fileID: 0}
    - target: {fileID: 6065644711354609895, guid: 3c9a14c27b55df04cb7a45fd3f706ac2,
        type: 3}
      propertyPath: m_RootOrder
      value: 9
      objectReference: {fileID: 0}
    - target: {fileID: 6065644711354609895, guid: 3c9a14c27b55df04cb7a45fd3f706ac2,
        type: 3}
      propertyPath: m_LocalEulerAnglesHint.x
      value: 0
      objectReference: {fileID: 0}
    - target: {fileID: 6065644711354609895, guid: 3c9a14c27b55df04cb7a45fd3f706ac2,
        type: 3}
      propertyPath: m_LocalEulerAnglesHint.y
      value: 0
      objectReference: {fileID: 0}
    - target: {fileID: 6065644711354609895, guid: 3c9a14c27b55df04cb7a45fd3f706ac2,
        type: 3}
      propertyPath: m_LocalEulerAnglesHint.z
      value: 0
      objectReference: {fileID: 0}
    m_RemovedComponents: []
  m_SourcePrefab: {fileID: 100100000, guid: 3c9a14c27b55df04cb7a45fd3f706ac2, type: 3}
--- !u!1001 &6128767763604814278
PrefabInstance:
  m_ObjectHideFlags: 0
  serializedVersion: 2
  m_Modification:
    m_TransformParent: {fileID: 0}
    m_Modifications:
    - target: {fileID: 6128767763770355497, guid: 97ab2b2fd6cfbea48bfd7750fb250a16,
        type: 3}
      propertyPath: m_Name
      value: BoxObjectParent
      objectReference: {fileID: 0}
    - target: {fileID: 6128767763770355510, guid: 97ab2b2fd6cfbea48bfd7750fb250a16,
        type: 3}
      propertyPath: m_LocalPosition.x
      value: -4.0503964
      objectReference: {fileID: 0}
    - target: {fileID: 6128767763770355510, guid: 97ab2b2fd6cfbea48bfd7750fb250a16,
        type: 3}
      propertyPath: m_LocalPosition.y
      value: -0.7871094
      objectReference: {fileID: 0}
    - target: {fileID: 6128767763770355510, guid: 97ab2b2fd6cfbea48bfd7750fb250a16,
        type: 3}
      propertyPath: m_LocalPosition.z
      value: 6.693925
      objectReference: {fileID: 0}
    - target: {fileID: 6128767763770355510, guid: 97ab2b2fd6cfbea48bfd7750fb250a16,
        type: 3}
      propertyPath: m_LocalRotation.x
      value: 0
      objectReference: {fileID: 0}
    - target: {fileID: 6128767763770355510, guid: 97ab2b2fd6cfbea48bfd7750fb250a16,
        type: 3}
      propertyPath: m_LocalRotation.y
      value: 0
      objectReference: {fileID: 0}
    - target: {fileID: 6128767763770355510, guid: 97ab2b2fd6cfbea48bfd7750fb250a16,
        type: 3}
      propertyPath: m_LocalRotation.z
      value: 0
      objectReference: {fileID: 0}
    - target: {fileID: 6128767763770355510, guid: 97ab2b2fd6cfbea48bfd7750fb250a16,
        type: 3}
      propertyPath: m_LocalRotation.w
      value: 1
      objectReference: {fileID: 0}
    - target: {fileID: 6128767763770355510, guid: 97ab2b2fd6cfbea48bfd7750fb250a16,
        type: 3}
      propertyPath: m_RootOrder
      value: 13
      objectReference: {fileID: 0}
    - target: {fileID: 6128767763770355510, guid: 97ab2b2fd6cfbea48bfd7750fb250a16,
        type: 3}
      propertyPath: m_LocalEulerAnglesHint.x
      value: 0
      objectReference: {fileID: 0}
    - target: {fileID: 6128767763770355510, guid: 97ab2b2fd6cfbea48bfd7750fb250a16,
        type: 3}
      propertyPath: m_LocalEulerAnglesHint.y
      value: 0
      objectReference: {fileID: 0}
    - target: {fileID: 6128767763770355510, guid: 97ab2b2fd6cfbea48bfd7750fb250a16,
        type: 3}
      propertyPath: m_LocalEulerAnglesHint.z
      value: 0
      objectReference: {fileID: 0}
    m_RemovedComponents: []
  m_SourcePrefab: {fileID: 100100000, guid: 97ab2b2fd6cfbea48bfd7750fb250a16, type: 3}
--- !u!1001 &6265927577906378738
PrefabInstance:
  m_ObjectHideFlags: 0
  serializedVersion: 2
  m_Modification:
    m_TransformParent: {fileID: 0}
    m_Modifications:
    - target: {fileID: 2119586508030006270, guid: 895555d202e592c4caf6acab9733f70f,
        type: 3}
      propertyPath: m_Name
      value: Switch
      objectReference: {fileID: 0}
    - target: {fileID: 2207658290175053258, guid: 895555d202e592c4caf6acab9733f70f,
        type: 3}
      propertyPath: IsPressed
      value: 0
      objectReference: {fileID: 0}
    - target: {fileID: 2207658290175053258, guid: 895555d202e592c4caf6acab9733f70f,
        type: 3}
      propertyPath: SwitchSize.y
      value: 0.94
      objectReference: {fileID: 0}
    - target: {fileID: 2207658290175053258, guid: 895555d202e592c4caf6acab9733f70f,
        type: 3}
      propertyPath: SwitchSize.x
      value: 0.5
      objectReference: {fileID: 0}
    - target: {fileID: 2207658290175053258, guid: 895555d202e592c4caf6acab9733f70f,
        type: 3}
      propertyPath: SwitchSize.z
      value: 0.5
      objectReference: {fileID: 0}
    - target: {fileID: 2207658290175053258, guid: 895555d202e592c4caf6acab9733f70f,
        type: 3}
      propertyPath: SwitchPositionOffset.y
      value: 1.11
      objectReference: {fileID: 0}
    - target: {fileID: 2207658290175053258, guid: 895555d202e592c4caf6acab9733f70f,
        type: 3}
      propertyPath: Pressed
      value: 1
      objectReference: {fileID: 0}
    - target: {fileID: 2207658290175053258, guid: 895555d202e592c4caf6acab9733f70f,
        type: 3}
      propertyPath: ShowGizmos
      value: 1
      objectReference: {fileID: 0}
    - target: {fileID: 2207658290175053258, guid: 895555d202e592c4caf6acab9733f70f,
        type: 3}
      propertyPath: _anyKey
      value: 0
      objectReference: {fileID: 0}
    - target: {fileID: 2207658290175053258, guid: 895555d202e592c4caf6acab9733f70f,
        type: 3}
      propertyPath: AutoAction
      value: 0
      objectReference: {fileID: 0}
    - target: {fileID: 2382864041017077229, guid: 895555d202e592c4caf6acab9733f70f,
        type: 3}
      propertyPath: m_Size.y
      value: 1.1654861
      objectReference: {fileID: 0}
    - target: {fileID: 2382864041017077229, guid: 895555d202e592c4caf6acab9733f70f,
        type: 3}
      propertyPath: m_Center.y
      value: 0.08274028
      objectReference: {fileID: 0}
    - target: {fileID: 2382864041017077229, guid: 895555d202e592c4caf6acab9733f70f,
        type: 3}
      propertyPath: m_IsTrigger
      value: 0
      objectReference: {fileID: 0}
    - target: {fileID: 7634708805788183019, guid: 895555d202e592c4caf6acab9733f70f,
        type: 3}
      propertyPath: m_Materials.Array.data[0]
      value: 
      objectReference: {fileID: 1267438847}
    - target: {fileID: 9191258718607016032, guid: 895555d202e592c4caf6acab9733f70f,
        type: 3}
      propertyPath: m_LocalPosition.x
      value: -7.3
      objectReference: {fileID: 0}
    - target: {fileID: 9191258718607016032, guid: 895555d202e592c4caf6acab9733f70f,
        type: 3}
      propertyPath: m_LocalPosition.y
      value: 0
      objectReference: {fileID: 0}
    - target: {fileID: 9191258718607016032, guid: 895555d202e592c4caf6acab9733f70f,
        type: 3}
      propertyPath: m_LocalPosition.z
      value: 6.1
      objectReference: {fileID: 0}
    - target: {fileID: 9191258718607016032, guid: 895555d202e592c4caf6acab9733f70f,
        type: 3}
      propertyPath: m_LocalRotation.x
      value: 0
      objectReference: {fileID: 0}
    - target: {fileID: 9191258718607016032, guid: 895555d202e592c4caf6acab9733f70f,
        type: 3}
      propertyPath: m_LocalRotation.y
      value: 0
      objectReference: {fileID: 0}
    - target: {fileID: 9191258718607016032, guid: 895555d202e592c4caf6acab9733f70f,
        type: 3}
      propertyPath: m_LocalRotation.z
      value: 0
      objectReference: {fileID: 0}
    - target: {fileID: 9191258718607016032, guid: 895555d202e592c4caf6acab9733f70f,
        type: 3}
      propertyPath: m_LocalRotation.w
      value: 1
      objectReference: {fileID: 0}
    - target: {fileID: 9191258718607016032, guid: 895555d202e592c4caf6acab9733f70f,
        type: 3}
      propertyPath: m_RootOrder
      value: 14
      objectReference: {fileID: 0}
    - target: {fileID: 9191258718607016032, guid: 895555d202e592c4caf6acab9733f70f,
        type: 3}
      propertyPath: m_LocalEulerAnglesHint.x
      value: 0
      objectReference: {fileID: 0}
    - target: {fileID: 9191258718607016032, guid: 895555d202e592c4caf6acab9733f70f,
        type: 3}
      propertyPath: m_LocalEulerAnglesHint.y
      value: 0
      objectReference: {fileID: 0}
    - target: {fileID: 9191258718607016032, guid: 895555d202e592c4caf6acab9733f70f,
        type: 3}
      propertyPath: m_LocalEulerAnglesHint.z
      value: 0
      objectReference: {fileID: 0}
    m_RemovedComponents: []
  m_SourcePrefab: {fileID: 100100000, guid: 895555d202e592c4caf6acab9733f70f, type: 3}
--- !u!1001 &8642621601786025839
PrefabInstance:
  m_ObjectHideFlags: 0
  serializedVersion: 2
  m_Modification:
    m_TransformParent: {fileID: 0}
    m_Modifications:
    - target: {fileID: 8642621600821994040, guid: 6f73e90d17cbe5240a52fefd4f0cbc1a,
        type: 3}
      propertyPath: DoorSwitch.Array.size
      value: 1
      objectReference: {fileID: 0}
    - target: {fileID: 8642621600821994040, guid: 6f73e90d17cbe5240a52fefd4f0cbc1a,
        type: 3}
      propertyPath: DoorSwitch
      value: 
      objectReference: {fileID: 2033539715}
    - target: {fileID: 8642621600821994040, guid: 6f73e90d17cbe5240a52fefd4f0cbc1a,
        type: 3}
      propertyPath: DoorSwitch.Array.data[0]
      value: 
      objectReference: {fileID: 2033539715}
    - target: {fileID: 8642621600821994040, guid: 6f73e90d17cbe5240a52fefd4f0cbc1a,
        type: 3}
      propertyPath: DoorKey
      value: 
      objectReference: {fileID: 8264323819444089137, guid: 2c8fe2cdae0c97c42a7d8e1d41cfef84,
        type: 3}
    - target: {fileID: 8642621600821994044, guid: 6f73e90d17cbe5240a52fefd4f0cbc1a,
        type: 3}
      propertyPath: m_LocalPosition.x
      value: -4.9491115
      objectReference: {fileID: 0}
    - target: {fileID: 8642621600821994044, guid: 6f73e90d17cbe5240a52fefd4f0cbc1a,
        type: 3}
      propertyPath: m_LocalPosition.y
      value: 2.3650165
      objectReference: {fileID: 0}
    - target: {fileID: 8642621600821994044, guid: 6f73e90d17cbe5240a52fefd4f0cbc1a,
        type: 3}
      propertyPath: m_LocalPosition.z
      value: -4.0234737
      objectReference: {fileID: 0}
    - target: {fileID: 8642621600821994044, guid: 6f73e90d17cbe5240a52fefd4f0cbc1a,
        type: 3}
      propertyPath: m_LocalRotation.x
      value: -0
      objectReference: {fileID: 0}
    - target: {fileID: 8642621600821994044, guid: 6f73e90d17cbe5240a52fefd4f0cbc1a,
        type: 3}
      propertyPath: m_LocalRotation.y
      value: -0
      objectReference: {fileID: 0}
    - target: {fileID: 8642621600821994044, guid: 6f73e90d17cbe5240a52fefd4f0cbc1a,
        type: 3}
      propertyPath: m_LocalRotation.z
      value: -0
      objectReference: {fileID: 0}
    - target: {fileID: 8642621600821994044, guid: 6f73e90d17cbe5240a52fefd4f0cbc1a,
        type: 3}
      propertyPath: m_LocalRotation.w
      value: 1
      objectReference: {fileID: 0}
    - target: {fileID: 8642621600821994044, guid: 6f73e90d17cbe5240a52fefd4f0cbc1a,
        type: 3}
      propertyPath: m_RootOrder
      value: 18
      objectReference: {fileID: 0}
    - target: {fileID: 8642621600821994044, guid: 6f73e90d17cbe5240a52fefd4f0cbc1a,
        type: 3}
      propertyPath: m_LocalEulerAnglesHint.x
      value: 0
      objectReference: {fileID: 0}
    - target: {fileID: 8642621600821994044, guid: 6f73e90d17cbe5240a52fefd4f0cbc1a,
        type: 3}
      propertyPath: m_LocalEulerAnglesHint.y
      value: 0
      objectReference: {fileID: 0}
    - target: {fileID: 8642621600821994044, guid: 6f73e90d17cbe5240a52fefd4f0cbc1a,
        type: 3}
      propertyPath: m_LocalEulerAnglesHint.z
      value: 0
      objectReference: {fileID: 0}
    - target: {fileID: 8642621600821994045, guid: 6f73e90d17cbe5240a52fefd4f0cbc1a,
        type: 3}
      propertyPath: m_Name
      value: door
      objectReference: {fileID: 0}
    m_RemovedComponents: []
  m_SourcePrefab: {fileID: 100100000, guid: 6f73e90d17cbe5240a52fefd4f0cbc1a, type: 3}
